symbol,trade_ts,ingestion_ts,price,trade_conditions,type,uuid,volume
BINANCE:BTCUSDT,2024-12-02 19:03:27.973+0000,2024-12-02 19:04:01.586+0000,95520.850000000006,,trade,1771fb46-e12c-4f92-b739-2863668257f5,0.00035
BINANCE:BTCUSDT,2024-12-02 19:03:28.068+0000,2024-12-02 19:04:01.586+0000,95520.850000000006,,trade,5b436967-842a-4828-840e-d7d4b847654e,7e-05
BINANCE:BTCUSDT,2024-12-02 19:03:28.591+0000,2024-12-02 19:04:01.586+0000,95520.850000000006,,trade,bea19897-c693-4516-a0ff-c73e1ee6fafc,0.00655
BINANCE:BTCUSDT,2024-12-02 19:03:28.625+0000,2024-12-02 19:04:01.586+0000,95520.860000000001,,trade,9ea94083-494a-4247-83f9-e482c30f22e9,0.01306
BINANCE:BTCUSDT,2024-12-02 19:03:28.980+0000,2024-12-02 19:04:01.586+0000,95520.860000000001,,trade,40380537-3192-4d47-b3f1-1f5828007539,0.00078
BINANCE:BTCUSDT,2024-12-02 19:03:29.036+0000,2024-12-02 19:04:01.586+0000,95520.860000000001,,trade,3915d995-2fc5-406b-9d49-2507bb881652,0.00085
BINANCE:BTCUSDT,2024-12-02 19:03:29.221+0000,2024-12-02 19:04:01.586+0000,95520.850000000006,,trade,87096194-6d8d-4a01-8abb-ca029bc66d53,0.001
BINANCE:BTCUSDT,2024-12-02 19:03:29.852+0000,2024-12-02 19:04:01.586+0000,95520.850000000006,,trade,b7eaa875-7b8b-4f70-b08e-a0db5e6e9991,0.00068
BINANCE:BTCUSDT,2024-12-02 19:03:29.980+0000,2024-12-02 19:04:01.586+0000,95520.850000000006,,trade,5bc29fa3-e788-437b-be4e-056d180b0a67,0.00071
BINANCE:BTCUSDT,2024-12-02 19:03:30.027+0000,2024-12-02 19:04:01.586+0000,95520.860000000001,,trade,80f2e0bf-9a03-4cae-9eaf-3a51b93913b3,0.00108
BINANCE:BTCUSDT,2024-12-02 19:03:30.252+0000,2024-12-02 19:04:01.586+0000,95520.860000000001,,trade,d367cb90-044b-463c-9e00-7c6a75b4b1ef,0.00084
BINANCE:BTCUSDT,2024-12-02 19:03:30.524+0000,2024-12-02 19:04:01.586+0000,95520.850000000006,,trade,e1ade64b-3776-4da4-ae48-c65322db6926,0.0012
BINANCE:BTCUSDT,2024-12-02 19:03:30.525+0000,2024-12-02 19:04:01.586+0000,95520.850000000006,,trade,c817d424-2e0f-463c-bb03-e654edbcb628,0.00467
BINANCE:BTCUSDT,2024-12-02 19:03:30.552+0000,2024-12-02 19:04:01.586+0000,95520.850000000006,,trade,aa824816-7ac5-457c-b7f2-37f8d08e47f3,0.00676
BINANCE:BTCUSDT,2024-12-02 19:03:30.558+0000,2024-12-02 19:04:01.586+0000,95520.850000000006,,trade,27083dfa-4604-4fa7-893c-49ab0d56369b,0.00081
BINANCE:BTCUSDT,2024-12-02 19:03:30.564+0000,2024-12-02 19:04:01.586+0000,95520.860000000001,,trade,6d71bf2e-7135-42d0-aeb7-dc1afd25bf35,0.00523
BINANCE:BTCUSDT,2024-12-02 19:03:30.650+0000,2024-12-02 19:04:01.586+0000,95520.850000000006,,trade,be3a1250-1360-446b-807b-ca0dcba99b69,0.00047
BINANCE:BTCUSDT,2024-12-02 19:03:30.935+0000,2024-12-02 19:04:01.586+0000,95520.850000000006,,trade,eec65f00-9150-44dc-b05d-3f4b550bd629,0.00118
BINANCE:BTCUSDT,2024-12-02 19:03:30.936+0000,2024-12-02 19:04:01.586+0000,95520.850000000006,,trade,80b14da6-c8cc-4dbc-895b-be08d4e6c702,0.00118
BINANCE:BTCUSDT,2024-12-02 19:03:31.010+0000,2024-12-02 19:04:01.586+0000,95520.860000000001,,trade,2603c5d3-e195-4e13-9b66-98bed35b1fec,0.00105
BINANCE:BTCUSDT,2024-12-02 19:03:31.322+0000,2024-12-02 19:04:01.586+0000,95520.850000000006,,trade,f1c5bea9-19f8-4391-9811-8c71ac8acae7,0.0123
BINANCE:BTCUSDT,2024-12-02 19:03:31.390+0000,2024-12-02 19:04:01.586+0000,95520.860000000001,,trade,d1692685-cf25-4ba6-9304-4c842f45b49d,0.00089
BINANCE:BTCUSDT,2024-12-02 19:03:31.623+0000,2024-12-02 19:04:01.586+0000,95520.860000000001,,trade,6905d98a-ff76-4c98-a726-90f3a061a928,0.00039
BINANCE:BTCUSDT,2024-12-02 19:03:31.830+0000,2024-12-02 19:04:01.586+0000,95520.860000000001,,trade,d41356bc-aeea-4a76-921a-acf50175c963,0.00648
BINANCE:BTCUSDT,2024-12-02 19:03:32.105+0000,2024-12-02 19:04:01.586+0000,95520.860000000001,,trade,91a02dbd-f6a7-4634-9205-eee5a44a8f19,0.00021
BINANCE:BTCUSDT,2024-12-02 19:03:32.419+0000,2024-12-02 19:04:01.586+0000,95520.850000000006,,trade,e9c66299-7b8a-455d-a4e5-03dcf090b385,0.0002
BINANCE:BTCUSDT,2024-12-02 19:03:32.465+0000,2024-12-02 19:04:01.586+0000,95520.860000000001,,trade,19a44891-f53a-4d02-b588-97cc71987a69,0.00013
BINANCE:BTCUSDT,2024-12-02 19:03:32.619+0000,2024-12-02 19:04:01.586+0000,95520.860000000001,,trade,900eb91b-e2c0-4784-b0bd-36f54e77d7b9,0.00023
BINANCE:BTCUSDT,2024-12-02 19:03:32.863+0000,2024-12-02 19:04:01.586+0000,95520.850000000006,,trade,0a976932-3d49-43c8-82b1-96f9532d27e9,0.00042
BINANCE:BTCUSDT,2024-12-02 19:03:32.928+0000,2024-12-02 19:04:01.586+0000,95520.850000000006,,trade,6268976e-a4c5-41ca-8b89-47252e62f9c7,0.0002
BINANCE:BTCUSDT,2024-12-02 19:03:33.303+0000,2024-12-02 19:04:01.586+0000,95520.850000000006,,trade,c6b06ae9-af76-4642-9f5e-8aedfc265e7e,0.05731
BINANCE:BTCUSDT,2024-12-02 19:03:33.491+0000,2024-12-02 19:04:01.586+0000,95520.850000000006,,trade,e6700efc-7d3b-4fd2-a41f-c95256f82db5,0.00108
BINANCE:BTCUSDT,2024-12-02 19:03:33.535+0000,2024-12-02 19:04:01.586+0000,95520.860000000001,,trade,a4f4dd9f-9996-47dc-a83d-819818be80e9,0.00114
BINANCE:BTCUSDT,2024-12-02 19:03:33.660+0000,2024-12-02 19:04:01.586+0000,95520.860000000001,,trade,8e9ebcd5-ee8b-4aa7-ac1d-9b2c6b0dc478,0.00026
BINANCE:BTCUSDT,2024-12-02 19:03:34.001+0000,2024-12-02 19:04:01.586+0000,95520.860000000001,,trade,af1662ca-986a-4e48-b520-c882fb2be2f3,0.00223
BINANCE:BTCUSDT,2024-12-02 19:03:34.155+0000,2024-12-02 19:04:01.586+0000,95520.860000000001,,trade,a2126316-4956-4c10-aa3b-b9b7c0936bbc,0.00313
BINANCE:BTCUSDT,2024-12-02 19:03:34.533+0000,2024-12-02 19:04:01.586+0000,95520.850000000006,,trade,d6c1dcdb-a957-4747-87d1-bea500e14dcb,0.00168
BINANCE:BTCUSDT,2024-12-02 19:03:35.025+0000,2024-12-02 19:04:01.586+0000,95520.850000000006,,trade,7bd26162-c412-4603-afc2-2de91edce9f3,0.00834
BINANCE:BTCUSDT,2024-12-02 19:03:35.035+0000,2024-12-02 19:04:01.586+0000,95520.850000000006,,trade,764e3edf-1abd-4b44-9072-bf776459b9ec,0.00012
BINANCE:BTCUSDT,2024-12-02 19:03:35.312+0000,2024-12-02 19:04:01.586+0000,95520.860000000001,,trade,bf80e15d-8212-4cf9-a3d5-5b4fb9767565,0.00083
BINANCE:BTCUSDT,2024-12-02 19:03:35.483+0000,2024-12-02 19:04:01.586+0000,95520.860000000001,,trade,a8e65e7c-cabf-4819-a544-84138929d468,0.00024
BINANCE:BTCUSDT,2024-12-02 19:03:35.699+0000,2024-12-02 19:04:01.586+0000,95520.850000000006,,trade,09018749-6142-49ef-bf07-695e747a31f6,0.00022
BINANCE:BTCUSDT,2024-12-02 19:03:36.163+0000,2024-12-02 19:04:01.586+0000,95520.850000000006,,trade,645cba77-eab8-4305-9801-2c61b52b07a7,0.00014
BINANCE:BTCUSDT,2024-12-02 19:03:36.290+0000,2024-12-02 19:04:01.586+0000,95520.860000000001,,trade,25d64169-405c-4f08-a7c2-e18f0effc6d3,7e-05
BINANCE:BTCUSDT,2024-12-02 19:03:36.370+0000,2024-12-02 19:04:01.586+0000,95520.860000000001,,trade,eba9a60e-e2b3-4d1f-a490-fe8c6a6e8b46,0.00088
BINANCE:BTCUSDT,2024-12-02 19:03:37.393+0000,2024-12-02 19:04:01.586+0000,95520.860000000001,,trade,961bf8fb-7ca5-48c7-9082-70cb1b318710,0.00093
BINANCE:BTCUSDT,2024-12-02 19:03:37.660+0000,2024-12-02 19:04:01.586+0000,95520.850000000006,,trade,db7016b6-74e4-4156-82d0-a2cfb38e331c,0.00033
BINANCE:BTCUSDT,2024-12-02 19:03:37.829+0000,2024-12-02 19:04:01.586+0000,95520.850000000006,,trade,fc023069-55ef-4dbf-8310-3ba9b1d063b4,0.00488
BINANCE:BTCUSDT,2024-12-02 19:03:38.177+0000,2024-12-02 19:04:01.586+0000,95520.850000000006,,trade,f9c537df-960a-4a72-af36-340be2e50ec0,0.00192
BINANCE:BTCUSDT,2024-12-02 19:03:38.255+0000,2024-12-02 19:04:01.586+0000,95520.850000000006,,trade,6b963978-2069-4270-b6aa-576c9aa54c48,0.00112
BINANCE:BTCUSDT,2024-12-02 19:03:38.335+0000,2024-12-02 19:04:01.586+0000,95520.850000000006,,trade,67de2b52-aa3e-4102-b419-b9f0df0ae86a,0.00014
BINANCE:BTCUSDT,2024-12-02 19:03:38.484+0000,2024-12-02 19:04:01.586+0000,95520.860000000001,,trade,ce3ff177-0a82-4892-be08-63623ddd9807,0.00209
BINANCE:BTCUSDT,2024-12-02 19:03:39.269+0000,2024-12-02 19:04:01.586+0000,95520.860000000001,,trade,5a87758b-a4ad-4dbf-a4c7-8c43fbdc7c76,0.00046
BINANCE:BTCUSDT,2024-12-02 19:03:39.378+0000,2024-12-02 19:04:01.586+0000,95520.850000000006,,trade,c38f28ad-0775-4cbf-bc46-6ee9861fbb3f,0.00069
BINANCE:BTCUSDT,2024-12-02 19:03:39.406+0000,2024-12-02 19:04:01.586+0000,95520.860000000001,,trade,be42feb5-1e41-4122-8b4c-379eef9a9cdd,0.00209
BINANCE:BTCUSDT,2024-12-02 19:03:39.454+0000,2024-12-02 19:04:01.586+0000,95520.860000000001,,trade,e91cea9c-f202-429d-b010-b3e52dd55cae,0.00211
BINANCE:BTCUSDT,2024-12-02 19:03:39.577+0000,2024-12-02 19:04:01.586+0000,95520.860000000001,,trade,50a43f71-052f-4d71-9003-1d8b0377e6bb,0.00209
BINANCE:BTCUSDT,2024-12-02 19:03:39.747+0000,2024-12-02 19:04:01.586+0000,95520.850000000006,,trade,f40bb6b8-aba7-47b3-bbb9-968c1f61a6d5,0.0005
BINANCE:BTCUSDT,2024-12-02 19:03:39.876+0000,2024-12-02 19:04:01.586+0000,95520.860000000001,,trade,ad6c7175-4c5f-41ec-b006-ba58c801d2fc,0.0003
BINANCE:BTCUSDT,2024-12-02 19:03:39.877+0000,2024-12-02 19:04:01.586+0000,95520.860000000001,,trade,f28fdc86-f54d-49e7-b4b6-bb4bc8d8a87a,0.00578
BINANCE:BTCUSDT,2024-12-02 19:03:40.232+0000,2024-12-02 19:04:01.586+0000,95520.860000000001,,trade,3fe940a0-b036-41c9-bbfa-5af4bfdf698c,0.00044
BINANCE:BTCUSDT,2024-12-02 19:03:40.348+0000,2024-12-02 19:04:01.586+0000,95520.860000000001,,trade,7c57f787-fd40-40de-a17c-93f4bc8e581f,0.00129
BINANCE:BTCUSDT,2024-12-02 19:03:40.399+0000,2024-12-02 19:04:01.586+0000,95520.860000000001,,trade,85f91476-7870-4039-910a-3ee3223539f2,0.00087
BINANCE:BTCUSDT,2024-12-02 19:03:40.511+0000,2024-12-02 19:04:01.586+0000,95520.860000000001,,trade,f6eed764-4660-4b9d-8b59-5f88a99794ce,0.03413
BINANCE:BTCUSDT,2024-12-02 19:03:40.519+0000,2024-12-02 19:04:01.586+0000,95520.860000000001,,trade,f9774e61-ae42-4746-abb6-eb5497914cec,0.00495
BINANCE:BTCUSDT,2024-12-02 19:03:40.748+0000,2024-12-02 19:04:01.586+0000,95520.860000000001,,trade,02fc4666-4984-4a1d-b014-5b582be6bd7c,0.038
BINANCE:BTCUSDT,2024-12-02 19:03:40.862+0000,2024-12-02 19:04:01.586+0000,95520.860000000001,,trade,b6d28382-bf96-42b8-8b3a-77372e7805c8,0.00802
BINANCE:BTCUSDT,2024-12-02 19:03:40.893+0000,2024-12-02 19:04:01.586+0000,95520.860000000001,,trade,aa83e535-d527-4a41-b8bc-0cfa5193d6e2,0.0005
BINANCE:BTCUSDT,2024-12-02 19:03:40.894+0000,2024-12-02 19:04:01.586+0000,95522.119999999995,,trade,a19233af-4595-45fa-8807-1fe9fde3b0a3,6e-05
BINANCE:BTCUSDT,2024-12-02 19:03:40.896+0000,2024-12-02 19:04:01.586+0000,95524,,trade,f3920a8f-08a7-4c47-98b2-4107deeeee46,0.01948
BINANCE:BTCUSDT,2024-12-02 19:03:40.897+0000,2024-12-02 19:04:01.586+0000,95524,,trade,4ea98248-825a-4dc4-bdd5-bfb73d2f1986,0.0003
BINANCE:BTCUSDT,2024-12-02 19:03:40.898+0000,2024-12-02 19:04:01.586+0000,95528.839999999997,,trade,df6f7512-c7e0-436b-bebe-5dcae26421dc,0.003
BINANCE:BTCUSDT,2024-12-02 19:03:40.905+0000,2024-12-02 19:04:01.586+0000,95529.059999999998,,trade,b4159b95-6254-4430-9ed0-aa9214fac67e,0.00206
BINANCE:BTCUSDT,2024-12-02 19:03:40.913+0000,2024-12-02 19:04:01.586+0000,95529.059999999998,,trade,6e0f2035-8b03-42cf-b358-6f102bcb0aba,0.0005
BINANCE:BTCUSDT,2024-12-02 19:03:40.923+0000,2024-12-02 19:04:01.586+0000,95529.229999999996,,trade,b1f91734-e254-4cef-b901-27141834f3d2,0.00022
BINANCE:BTCUSDT,2024-12-02 19:03:40.924+0000,2024-12-02 19:04:01.586+0000,95532,,trade,f5c5a063-e802-4d87-bf08-33d8d84d2ea7,8e-05
BINANCE:BTCUSDT,2024-12-02 19:03:40.945+0000,2024-12-02 19:04:01.586+0000,95533.330000000002,,trade,eaaab28c-0664-4971-a86c-ad31795f5f8c,0.0024
BINANCE:BTCUSDT,2024-12-02 19:03:40.952+0000,2024-12-02 19:04:01.586+0000,95533.679999999993,,trade,eca60eac-a008-428d-aece-608ceb17d069,0.00021
BINANCE:BTCUSDT,2024-12-02 19:03:41.018+0000,2024-12-02 19:04:01.586+0000,95537.479999999996,,trade,c3f8eb4f-d458-4f1c-81d2-75d644475929,8e-05
BINANCE:BTCUSDT,2024-12-02 19:03:41.340+0000,2024-12-02 19:04:01.586+0000,95537.479999999996,,trade,e11cfb1e-e9b8-4db6-968a-e5d6aacf6965,0.13865
BINANCE:BTCUSDT,2024-12-02 19:03:42.110+0000,2024-12-02 19:04:01.586+0000,95537.490000000005,,trade,d7046f99-52a6-46d0-9861-b6a38e83a434,0.0008
BINANCE:BTCUSDT,2024-12-02 19:03:42.127+0000,2024-12-02 19:04:01.586+0000,95537.479999999996,,trade,96d6189b-ef4d-4198-957e-8ac776f523b0,0.00029
BINANCE:BTCUSDT,2024-12-02 19:03:42.131+0000,2024-12-02 19:04:01.586+0000,95537.490000000005,,trade,3d531a92-90ee-4883-9b55-355cca574ee0,0.00523
BINANCE:BTCUSDT,2024-12-02 19:03:43.225+0000,2024-12-02 19:04:01.586+0000,95537.479999999996,,trade,b333c1c7-c4e0-4e53-832b-e1e33da2fbf1,0.00405
BINANCE:BTCUSDT,2024-12-02 19:03:43.226+0000,2024-12-02 19:04:01.586+0000,95537.479999999996,,trade,3171527a-018c-45eb-9b6a-3cda4098d393,0.00242
BINANCE:BTCUSDT,2024-12-02 19:03:43.264+0000,2024-12-02 19:04:01.586+0000,95537.479999999996,,trade,fb7442b1-3885-441e-8631-49e74cb9a2b0,0.04288
BINANCE:BTCUSDT,2024-12-02 19:03:43.426+0000,2024-12-02 19:04:01.586+0000,95537.479999999996,,trade,d617862d-0acc-4fb9-9530-7b1206804eb4,0.00182
BINANCE:BTCUSDT,2024-12-02 19:03:43.720+0000,2024-12-02 19:04:01.586+0000,95537.479999999996,,trade,7ac75e09-1662-4d9f-b2ab-065a73732e14,0.3995
BINANCE:BTCUSDT,2024-12-02 19:03:44.145+0000,2024-12-02 19:04:01.586+0000,95537.479999999996,,trade,596c2be2-dcf8-41d5-be56-3e6f13e40467,0.00032
BINANCE:BTCUSDT,2024-12-02 19:03:44.218+0000,2024-12-02 19:04:01.586+0000,95537.490000000005,,trade,77a76d71-c18c-4294-823a-4d08c4c2bd2a,0.00028
BINANCE:BTCUSDT,2024-12-02 19:03:45.168+0000,2024-12-02 19:04:01.586+0000,95537.490000000005,,trade,17e1d780-ba2c-4d0d-96a0-be303f432a2b,0.00021
BINANCE:BTCUSDT,2024-12-02 19:03:45.271+0000,2024-12-02 19:04:01.586+0000,95537.490000000005,,trade,17a23b0a-6dfb-4022-b04a-0673d1ac2e68,0.00719
BINANCE:BTCUSDT,2024-12-02 19:03:45.354+0000,2024-12-02 19:04:01.586+0000,95537.490000000005,,trade,5a899229-cef7-4af2-a8db-08c464502b08,0.00015
BINANCE:BTCUSDT,2024-12-02 19:03:45.471+0000,2024-12-02 19:04:01.586+0000,95537.479999999996,,trade,23a5951c-404e-4225-b7dd-704222024f35,9e-05
BINANCE:BTCUSDT,2024-12-02 19:03:45.819+0000,2024-12-02 19:04:01.586+0000,95537.479999999996,,trade,72ccc50b-922b-4d29-9b07-c7a25506db11,0.00015
BINANCE:BTCUSDT,2024-12-02 19:03:45.969+0000,2024-12-02 19:04:01.586+0000,95537.479999999996,,trade,e483a624-99cb-400a-8918-7e85da880196,0.00212
BINANCE:BTCUSDT,2024-12-02 19:03:46.239+0000,2024-12-02 19:04:01.586+0000,95537.479999999996,,trade,1d212ed4-ae66-4aa2-9342-e6c102a0c1b5,0.00018
BINANCE:BTCUSDT,2024-12-02 19:03:46.373+0000,2024-12-02 19:04:01.586+0000,95537.479999999996,,trade,53a5fa85-f596-47a2-94c1-fbbfea619f2e,0.00031
BINANCE:BTCUSDT,2024-12-02 19:03:46.413+0000,2024-12-02 19:04:01.586+0000,95537.479999999996,,trade,c5ffe2e8-bc80-403e-993e-b20ecb184aa8,0.09607
BINANCE:BTCUSDT,2024-12-02 19:03:46.762+0000,2024-12-02 19:04:01.586+0000,95537.479999999996,,trade,724fce90-dba0-4889-845c-01c8199b609a,0.00059
BINANCE:BTCUSDT,2024-12-02 19:03:46.802+0000,2024-12-02 19:04:01.586+0000,95537.490000000005,,trade,e7d0c910-64b4-4719-96f6-63dd2f985282,0.00026
BINANCE:BTCUSDT,2024-12-02 19:03:47.258+0000,2024-12-02 19:04:01.586+0000,95537.490000000005,,trade,d9a43c1e-98ea-41b3-a664-9a64f95e65b8,0.0043
BINANCE:BTCUSDT,2024-12-02 19:03:47.474+0000,2024-12-02 19:04:01.586+0000,95537.509999999995,,trade,ed5c82c4-22e4-46cc-8b12-f8337a386dcb,0.00096
BINANCE:BTCUSDT,2024-12-02 19:03:47.476+0000,2024-12-02 19:04:01.586+0000,95539.679999999993,,trade,fe4272f8-48b7-4e1c-a7ee-3b0e2ebf15c4,0.0002
BINANCE:BTCUSDT,2024-12-02 19:03:47.479+0000,2024-12-02 19:04:01.586+0000,95539.690000000002,,trade,5f07f3cc-5077-4e8a-b33a-c8139f9b550b,0.02863
BINANCE:BTCUSDT,2024-12-02 19:03:47.481+0000,2024-12-02 19:04:01.586+0000,95540,,trade,e97a1568-68f5-4d7b-ba1d-509db2e8fc2b,0.00023
BINANCE:BTCUSDT,2024-12-02 19:03:47.496+0000,2024-12-02 19:04:01.586+0000,95545.740000000005,,trade,ed3ec82f-45ef-4f7d-b76f-afffcb5ca7f6,0.02093
BINANCE:BTCUSDT,2024-12-02 19:03:47.561+0000,2024-12-02 19:04:01.586+0000,95545.779999999999,,trade,413fa9ea-8c75-414b-a280-cd2f75661569,0.02725
BINANCE:BTCUSDT,2024-12-02 19:03:47.871+0000,2024-12-02 19:04:01.586+0000,95545.789999999994,,trade,55014267-501b-4442-b70c-1e5bbc02ef94,6e-05
BINANCE:BTCUSDT,2024-12-02 19:03:48.008+0000,2024-12-02 19:04:01.586+0000,95545.789999999994,,trade,def36591-a797-4758-be6d-4ce5daeeed23,0.00027
BINANCE:BTCUSDT,2024-12-02 19:03:48.696+0000,2024-12-02 19:04:01.586+0000,95545.789999999994,,trade,1d759440-e878-486c-982f-a6ad5a35e63a,0.0503
BINANCE:BTCUSDT,2024-12-02 19:03:49.033+0000,2024-12-02 19:04:01.586+0000,95545.789999999994,,trade,0a6f56f0-05e1-4d74-9d2b-36e4cd0714fb,0.00052
BINANCE:BTCUSDT,2024-12-02 19:03:49.410+0000,2024-12-02 19:04:01.586+0000,95545.789999999994,,trade,51cf80e0-769f-40e3-815b-49a8af5e8242,0.04686
BINANCE:BTCUSDT,2024-12-02 19:03:49.722+0000,2024-12-02 19:04:01.586+0000,95545.789999999994,,trade,e243d5fe-a10a-4c1c-906f-aba6d10d5c99,0.00105
BINANCE:BTCUSDT,2024-12-02 19:03:49.755+0000,2024-12-02 19:04:01.586+0000,95545.779999999999,,trade,4e2e85ad-a59c-4b50-a66f-2c8b575ba58f,0.00064
BINANCE:BTCUSDT,2024-12-02 19:03:49.826+0000,2024-12-02 19:04:01.586+0000,95545.779999999999,,trade,a8b18be6-2a2f-46ee-90ac-c7dd1a8310d2,0.003
BINANCE:BTCUSDT,2024-12-02 19:03:49.999+0000,2024-12-02 19:04:01.586+0000,95545.779999999999,,trade,fa34e0db-6d56-4a10-9386-20b3477c035e,0.00012
BINANCE:BTCUSDT,2024-12-02 19:03:50.301+0000,2024-12-02 19:04:01.586+0000,95545.779999999999,,trade,447ccad2-fc06-495c-8b53-66a5c743eb86,0.13261
BINANCE:BTCUSDT,2024-12-02 19:03:50.326+0000,2024-12-02 19:04:01.586+0000,95545.779999999999,,trade,2a598336-5a62-4a67-bba0-4f5dcdc3d158,0.00059
BINANCE:BTCUSDT,2024-12-02 19:03:50.594+0000,2024-12-02 19:04:01.586+0000,95545.789999999994,,trade,0353a092-9794-4e93-b260-21729b7bffa0,0.00991
BINANCE:BTCUSDT,2024-12-02 19:03:50.759+0000,2024-12-02 19:04:01.586+0000,95545.779999999999,,trade,f8bf294e-801d-4c96-a12a-16625828ef3a,0.00211
BINANCE:BTCUSDT,2024-12-02 19:03:50.979+0000,2024-12-02 19:04:01.586+0000,95545.789999999994,,trade,ee6b214f-751b-4298-9e4c-e9588a197203,0.00157
BINANCE:BTCUSDT,2024-12-02 19:03:51.024+0000,2024-12-02 19:04:01.586+0000,95545.779999999999,,trade,974483ad-5645-4f64-a265-676c8eeb671f,0.00056
BINANCE:BTCUSDT,2024-12-02 19:03:51.295+0000,2024-12-02 19:04:01.586+0000,95545.779999999999,,trade,0ff2510f-ce3d-49fd-bb13-c49e0226dc2c,0.00098
BINANCE:BTCUSDT,2024-12-02 19:03:51.465+0000,2024-12-02 19:04:01.586+0000,95545.779999999999,,trade,936302b8-454f-433f-81b4-93ee822d210a,0.00286
BINANCE:BTCUSDT,2024-12-02 19:03:52.135+0000,2024-12-02 19:04:01.586+0000,95545.779999999999,,trade,33e9778a-b7b4-44f1-9387-6b53aa1a0a38,0.06738
BINANCE:BTCUSDT,2024-12-02 19:03:52.151+0000,2024-12-02 19:04:01.586+0000,95545.779999999999,,trade,d6296dd0-ef21-441e-b084-02e1d43c0a07,0.00022
BINANCE:BTCUSDT,2024-12-02 19:03:52.153+0000,2024-12-02 19:04:01.586+0000,95545.789999999994,,trade,958b6083-b243-4ff3-941b-2a6650e41a15,0.00209
BINANCE:BTCUSDT,2024-12-02 19:03:52.374+0000,2024-12-02 19:04:01.586+0000,95545.779999999999,,trade,ddfab919-67b3-4be0-8c77-d916f69bde82,0.00135
BINANCE:BTCUSDT,2024-12-02 19:03:52.377+0000,2024-12-02 19:04:01.586+0000,95545.779999999999,,trade,7e1b8557-838d-4e1c-b37b-98cad411398c,0.00206
BINANCE:BTCUSDT,2024-12-02 19:03:52.378+0000,2024-12-02 19:04:01.586+0000,95545.779999999999,,trade,6b9e2135-3295-41c9-8679-3bfaded8124b,0.00175
BINANCE:BTCUSDT,2024-12-02 19:03:52.620+0000,2024-12-02 19:04:01.586+0000,95545.779999999999,,trade,4b0e80c1-4c0f-4bfb-96a6-2a85ca97adc0,0.00266
BINANCE:BTCUSDT,2024-12-02 19:03:52.887+0000,2024-12-02 19:04:01.586+0000,95545.779999999999,,trade,bf9c2626-5105-48cf-939d-3ef695e0c610,0.00618
BINANCE:BTCUSDT,2024-12-02 19:03:52.933+0000,2024-12-02 19:04:01.586+0000,95545.779999999999,,trade,d90ee7ea-4a54-444e-9f5c-da83ea007a27,0.00258
BINANCE:BTCUSDT,2024-12-02 19:03:52.978+0000,2024-12-02 19:04:01.586+0000,95545.779999999999,,trade,959ad61e-5ed9-4f67-b10e-ec9df65ca3c4,7e-05
BINANCE:BTCUSDT,2024-12-02 19:03:53.385+0000,2024-12-02 19:04:01.586+0000,95545.789999999994,,trade,ed4f806a-09ac-4425-9766-6445f19dcdef,0.01
BINANCE:BTCUSDT,2024-12-02 19:03:53.386+0000,2024-12-02 19:04:01.586+0000,95545.789999999994,,trade,890fa87b-b335-4af0-9aad-6dfed0a75403,0.04
BINANCE:BTCUSDT,2024-12-02 19:03:53.387+0000,2024-12-02 19:04:01.586+0000,95545.789999999994,,trade,fa9e6460-c457-46ed-915e-b129ca93005a,0.03974
BINANCE:BTCUSDT,2024-12-02 19:03:53.388+0000,2024-12-02 19:04:01.586+0000,95545.789999999994,,trade,df39b2b3-479f-4df2-8bb9-274847f2929e,0.23458
BINANCE:BTCUSDT,2024-12-02 19:03:53.389+0000,2024-12-02 19:04:01.586+0000,95545.789999999994,,trade,f395b2be-9349-448c-a931-56c4c9728ed4,0.20797
BINANCE:BTCUSDT,2024-12-02 19:03:53.390+0000,2024-12-02 19:04:01.586+0000,95548.839999999997,,trade,e4757d18-568d-4e77-bd70-b485121bbf1a,0.20926
BINANCE:BTCUSDT,2024-12-02 19:03:53.397+0000,2024-12-02 19:04:01.586+0000,95549.770000000004,,trade,7736dc4d-081f-4d35-ba36-93d72e507060,0.00022
BINANCE:BTCUSDT,2024-12-02 19:03:53.407+0000,2024-12-02 19:04:01.586+0000,95549.770000000004,,trade,fe7d9ba5-4c5e-4939-ab64-950400297312,0.00017
BINANCE:BTCUSDT,2024-12-02 19:03:53.410+0000,2024-12-02 19:04:01.586+0000,95550.889999999999,,trade,e90da77f-770d-4d3e-93db-75776768ff03,8e-05
BINANCE:BTCUSDT,2024-12-02 19:03:53.534+0000,2024-12-02 19:04:01.586+0000,95550.889999999999,,trade,29de78c6-313e-4f88-b64a-22ebdd28af90,0.00067
BINANCE:BTCUSDT,2024-12-02 19:03:53.576+0000,2024-12-02 19:04:01.586+0000,95550.889999999999,,trade,23f5208e-75be-4925-b7b3-8033fa53c067,0.01628
BINANCE:BTCUSDT,2024-12-02 19:03:53.619+0000,2024-12-02 19:04:01.586+0000,95550.899999999994,,trade,af23aa14-b5af-485b-8b37-6f6bd1d2914c,0.0025
BINANCE:BTCUSDT,2024-12-02 19:03:53.766+0000,2024-12-02 19:04:01.586+0000,95550.899999999994,,trade,190c1405-0274-45e8-ae77-81d2ae08b407,0.00018
BINANCE:BTCUSDT,2024-12-02 19:03:53.882+0000,2024-12-02 19:04:01.586+0000,95550.889999999999,,trade,72535c66-c36b-47f6-b4a2-e252ddb5c022,0.005
BINANCE:BTCUSDT,2024-12-02 19:03:53.916+0000,2024-12-02 19:04:01.586+0000,95550.889999999999,,trade,89824375-e2da-401f-a5bc-c8805a4bf33c,0.0003
BINANCE:BTCUSDT,2024-12-02 19:03:53.996+0000,2024-12-02 19:04:01.586+0000,95550.889999999999,,trade,5aabb8ff-9b49-43c6-aaa1-1c2b200daa40,0.00041
BINANCE:BTCUSDT,2024-12-02 19:03:54.297+0000,2024-12-02 19:04:01.586+0000,95550.899999999994,,trade,8a5bfe88-910e-48b8-b1c7-5795f635a2d0,0.03192
BINANCE:BTCUSDT,2024-12-02 19:03:54.345+0000,2024-12-02 19:04:01.586+0000,95550.919999999998,,trade,e2d7d0d7-d243-4458-ba64-073fd514f81b,0.04063
BINANCE:BTCUSDT,2024-12-02 19:03:54.347+0000,2024-12-02 19:04:01.586+0000,95552,,trade,c96a1634-83d1-4437-a021-b344c923d07e,8e-05
BINANCE:BTCUSDT,2024-12-02 19:03:54.416+0000,2024-12-02 19:04:01.586+0000,95555.979999999996,,trade,e6d7941d-97bb-472d-a646-18411b3da27c,8e-05
BINANCE:BTCUSDT,2024-12-02 19:03:54.423+0000,2024-12-02 19:04:01.586+0000,95559.990000000005,,trade,ffda7aad-4d45-49ad-9507-0080486cc54d,0.00022
BINANCE:BTCUSDT,2024-12-02 19:03:54.425+0000,2024-12-02 19:04:01.586+0000,95559.990000000005,,trade,802f4336-eff0-4d31-aca6-2981454db39d,0.00266
BINANCE:BTCUSDT,2024-12-02 19:03:54.429+0000,2024-12-02 19:04:01.586+0000,95559.990000000005,,trade,fc2f5e7b-3d17-42ae-a95b-e9299fbbabfb,0.0002
BINANCE:BTCUSDT,2024-12-02 19:03:54.443+0000,2024-12-02 19:04:01.586+0000,95560,,trade,220fb7cf-0205-4ff2-9e86-961748a771d6,0.00019
BINANCE:BTCUSDT,2024-12-02 19:03:54.477+0000,2024-12-02 19:04:01.586+0000,95560.600000000006,,trade,c9554aed-e0d6-4837-9cbd-9a7623f002a6,0.01164
BINANCE:BTCUSDT,2024-12-02 19:03:54.479+0000,2024-12-02 19:04:01.586+0000,95563.990000000005,,trade,dd5ee041-2869-4bfa-bf04-ae08fc054443,0.00019
BINANCE:BTCUSDT,2024-12-02 19:03:54.519+0000,2024-12-02 19:04:01.586+0000,95563.990000000005,,trade,af80c630-b932-436e-879c-221533269c20,0.00016
BINANCE:BTCUSDT,2024-12-02 19:03:55.334+0000,2024-12-02 19:04:01.586+0000,95563.990000000005,,trade,9a3dd128-133c-4693-aa79-e3841d15ef52,0.00549
BINANCE:BTCUSDT,2024-12-02 19:03:55.336+0000,2024-12-02 19:04:01.586+0000,95565.050000000003,,trade,927fef81-5e2b-49e9-a7b8-e67a4387c270,0.00012
BINANCE:BTCUSDT,2024-12-02 19:03:56.019+0000,2024-12-02 19:04:01.586+0000,95565.050000000003,,trade,f3526666-2a7d-4d35-9a08-4c6e073efde0,0.08747
BINANCE:BTCUSDT,2024-12-02 19:03:56.263+0000,2024-12-02 19:04:01.586+0000,95565.039999999994,,trade,dca56f07-3aab-4c49-b8b3-1107a4dfd58c,0.00119
BINANCE:BTCUSDT,2024-12-02 19:03:56.283+0000,2024-12-02 19:04:01.586+0000,95565.050000000003,,trade,0f635b05-7256-4c3f-b274-d1eef9e2f784,0.00128
BINANCE:BTCUSDT,2024-12-02 19:03:56.963+0000,2024-12-02 19:04:01.586+0000,95565.039999999994,,trade,71f380f0-54e3-46d6-8097-339eef6b40c8,0.00083
BINANCE:BTCUSDT,2024-12-02 19:03:57.179+0000,2024-12-02 19:04:01.586+0000,95565.050000000003,,trade,b26cff77-a8bc-4530-a9c0-e87c06783b38,0.00209
BINANCE:BTCUSDT,2024-12-02 19:03:57.501+0000,2024-12-02 19:04:01.586+0000,95565.039999999994,,trade,4e44a229-eebd-4c11-a1d7-645cd5293359,0.00178
BINANCE:BTCUSDT,2024-12-02 19:03:58.069+0000,2024-12-02 19:04:01.586+0000,95565.039999999994,,trade,c4f1d785-cc51-4f91-8864-2f99cb0da630,0.00013
BINANCE:BTCUSDT,2024-12-02 19:03:58.553+0000,2024-12-02 19:04:01.586+0000,95565.050000000003,,trade,24fd70e3-919f-4262-a2e2-917f02e932a0,0.00011
BINANCE:BTCUSDT,2024-12-02 19:03:58.895+0000,2024-12-02 19:04:01.586+0000,95565.039999999994,,trade,75f51fb1-fbb6-4426-b6d5-9083a359da39,0.01106
BINANCE:BTCUSDT,2024-12-02 19:03:59.130+0000,2024-12-02 19:04:01.586+0000,95565.039999999994,,trade,44b49290-7960-411a-8229-1333e1d7e3de,0.00572
BINANCE:BTCUSDT,2024-12-02 19:03:59.301+0000,2024-12-02 19:04:01.586+0000,95565.050000000003,,trade,689dbbbd-f31d-48d4-ab2c-1449dc29343a,0.0002
BINANCE:BTCUSDT,2024-12-02 19:03:59.330+0000,2024-12-02 19:04:01.586+0000,95565.039999999994,,trade,ce714a7d-2c13-4644-9270-564285fd19a5,0.01046
BINANCE:BTCUSDT,2024-12-02 19:03:59.346+0000,2024-12-02 19:04:01.586+0000,95565.039999999994,,trade,ca1f8fd8-43a9-4813-91e0-a6279c596c45,0.00242
BINANCE:BTCUSDT,2024-12-02 19:03:59.568+0000,2024-12-02 19:04:01.586+0000,95565.039999999994,,trade,2a31fc81-f281-43ac-b84b-5be5ec912904,0.00046
BINANCE:BTCUSDT,2024-12-02 19:03:59.843+0000,2024-12-02 19:04:01.586+0000,95565.050000000003,,trade,190c124b-67cc-4d14-97cd-127ee664dde1,0.00062
BINANCE:BTCUSDT,2024-12-02 19:03:59.858+0000,2024-12-02 19:04:01.586+0000,95565.039999999994,,trade,e82f27d1-9e14-4e54-9b74-eb0405b9698e,0.00283
BINANCE:BTCUSDT,2024-12-02 19:04:00.035+0000,2024-12-02 19:04:01.586+0000,95565.050000000003,,trade,fef875f5-4ecf-40cd-8f2e-3b2ef44802d2,0.02089
BINANCE:BTCUSDT,2024-12-02 19:04:00.044+0000,2024-12-02 19:04:01.586+0000,95565.050000000003,,trade,7f2efbf5-ff89-4064-a1d3-050fcd02933c,0.02089
BINANCE:BTCUSDT,2024-12-02 19:04:00.050+0000,2024-12-02 19:04:01.586+0000,95565.039999999994,,trade,0b2624c7-9a33-4254-87d2-2bded51aa31e,0.0008
BINANCE:BTCUSDT,2024-12-02 19:04:00.054+0000,2024-12-02 19:04:01.586+0000,95565.050000000003,,trade,e37472f0-ddb4-4079-ae65-c5d0e7b6c00b,0.02089
BINANCE:BTCUSDT,2024-12-02 19:04:00.063+0000,2024-12-02 19:04:01.586+0000,95565.050000000003,,trade,7659671d-97ad-4127-9636-f2cd5364e6ad,0.0209
BINANCE:BTCUSDT,2024-12-02 19:04:00.072+0000,2024-12-02 19:04:01.586+0000,95565.050000000003,,trade,5a855d62-c8ec-4905-8618-f75e3c58c4d9,0.02091
BINANCE:BTCUSDT,2024-12-02 19:04:00.081+0000,2024-12-02 19:04:01.586+0000,95565.050000000003,,trade,b0827e11-a0a8-4b7f-8c16-2239781844f4,0.02091
BINANCE:BTCUSDT,2024-12-02 19:04:00.090+0000,2024-12-02 19:04:01.586+0000,95565.050000000003,,trade,a0932cbe-4d8a-4cd4-befb-952f3a486d7c,0.02092
BINANCE:BTCUSDT,2024-12-02 19:04:00.766+0000,2024-12-02 19:04:17.331+0000,95565.050000000003,,trade,f4098507-afe1-48c0-8f19-9fe572f443db,0.00154
BINANCE:BTCUSDT,2024-12-02 19:04:00.767+0000,2024-12-02 19:04:17.331+0000,95565.050000000003,,trade,bd97957b-c7c8-4cbe-8b51-9444723f853e,0.00154
BINANCE:BTCUSDT,2024-12-02 19:04:00.855+0000,2024-12-02 19:04:17.331+0000,95565.039999999994,,trade,fa2ee04f-657a-463a-b87a-f53ef7f23524,0.00016
BINANCE:BTCUSDT,2024-12-02 19:04:01.059+0000,2024-12-02 19:04:17.331+0000,95565.050000000003,,trade,15650602-fc61-4698-bdef-e8611541feb9,0.01034
BINANCE:BTCUSDT,2024-12-02 19:04:01.060+0000,2024-12-02 19:04:17.331+0000,95565.050000000003,,trade,5472eb29-042f-4661-8498-72fb0ebe9666,0.01035
BINANCE:BTCUSDT,2024-12-02 19:04:01.081+0000,2024-12-02 19:04:17.331+0000,95565.050000000003,,trade,b928a40e-3e0c-4dde-a921-e79b1aac2bf6,0.0029
BINANCE:BTCUSDT,2024-12-02 19:04:01.082+0000,2024-12-02 19:04:17.331+0000,95565.050000000003,,trade,7a85624f-7805-4854-a8fd-4eff8156af35,0.00259
BINANCE:BTCUSDT,2024-12-02 19:04:01.385+0000,2024-12-02 19:04:17.331+0000,95565.050000000003,,trade,d0546710-4f51-447a-aa20-e1106f81ae17,0.0026
BINANCE:BTCUSDT,2024-12-02 19:04:01.524+0000,2024-12-02 19:04:17.331+0000,95565.039999999994,,trade,683a07a9-9cf4-40cd-b646-597d4fbcd61e,0.00133
BINANCE:BTCUSDT,2024-12-02 19:04:01.907+0000,2024-12-02 19:04:17.331+0000,95565.039999999994,,trade,3ebaf1cd-f5c6-4842-9e7f-5a9b2878a812,8e-05
BINANCE:BTCUSDT,2024-12-02 19:04:01.939+0000,2024-12-02 19:04:17.331+0000,95565.050000000003,,trade,2c018a0f-b676-4449-ad80-931c6c9bbee7,0.00392
BINANCE:BTCUSDT,2024-12-02 19:04:02.197+0000,2024-12-02 19:04:17.331+0000,95565.050000000003,,trade,af0a34d7-dad7-4d28-925b-e2d5814bb216,0.03304
BINANCE:BTCUSDT,2024-12-02 19:04:02.236+0000,2024-12-02 19:04:17.331+0000,95565.039999999994,,trade,80f83938-b7a0-4f1e-8340-70b479013198,0.00419
BINANCE:BTCUSDT,2024-12-02 19:04:02.663+0000,2024-12-02 19:04:17.331+0000,95565.039999999994,,trade,268d9c22-98ec-4e8e-bc34-42aacee61b24,0.00577
BINANCE:BTCUSDT,2024-12-02 19:04:02.807+0000,2024-12-02 19:04:17.331+0000,95565.039999999994,,trade,4a083c72-c188-48db-96fe-8be1e40c0ccf,0.00025
BINANCE:BTCUSDT,2024-12-02 19:04:02.878+0000,2024-12-02 19:04:17.331+0000,95565.039999999994,,trade,f858ff28-f873-49d1-8b76-bfadac26bdf2,0.0922
BINANCE:BTCUSDT,2024-12-02 19:04:02.979+0000,2024-12-02 19:04:17.331+0000,95565.050000000003,,trade,0dde4e55-4936-4a1e-8079-0183d7984252,6e-05
BINANCE:BTCUSDT,2024-12-02 19:04:03.429+0000,2024-12-02 19:04:17.331+0000,95565.039999999994,,trade,a33fe1b8-ff0b-40cf-a9df-e7491bfa7139,0.00012
BINANCE:BTCUSDT,2024-12-02 19:04:03.668+0000,2024-12-02 19:04:17.331+0000,95565.050000000003,,trade,daf7873c-13a2-459c-84ab-2487ea5ca3bb,0.00285
BINANCE:BTCUSDT,2024-12-02 19:04:03.939+0000,2024-12-02 19:04:17.331+0000,95565.050000000003,,trade,59d660a7-b9b4-4247-a7cf-4f14faca3044,0.00245
BINANCE:BTCUSDT,2024-12-02 19:04:03.983+0000,2024-12-02 19:04:17.331+0000,95565.050000000003,,trade,2ddee495-9f4b-439b-8683-51db9b0dd427,0.00064
BINANCE:BTCUSDT,2024-12-02 19:04:03.986+0000,2024-12-02 19:04:17.331+0000,95565.050000000003,,trade,f77d421a-d047-41d3-b967-869360313409,0.0003
BINANCE:BTCUSDT,2024-12-02 19:04:04.329+0000,2024-12-02 19:04:17.331+0000,95565.039999999994,,trade,93f99f1b-4be8-4b81-ab2c-691da0de308e,0.00098
BINANCE:BTCUSDT,2024-12-02 19:04:04.784+0000,2024-12-02 19:04:17.331+0000,95565.050000000003,,trade,b45e7293-deaa-453a-b413-39ed1e511e87,0.0021
BINANCE:BTCUSDT,2024-12-02 19:04:04.785+0000,2024-12-02 19:04:17.331+0000,95565.050000000003,,trade,2e10fbac-8035-4968-ae9d-798296a69c53,0.00084
BINANCE:BTCUSDT,2024-12-02 19:04:04.787+0000,2024-12-02 19:04:17.331+0000,95565.050000000003,,trade,7bafacc6-7437-427f-b839-27a4d2a5fa5f,0.00063
BINANCE:BTCUSDT,2024-12-02 19:04:04.879+0000,2024-12-02 19:04:17.331+0000,95565.039999999994,,trade,b2a26367-0e41-41bd-b168-73f0b66888a4,0.00015
BINANCE:BTCUSDT,2024-12-02 19:04:05.551+0000,2024-12-02 19:04:17.331+0000,95565.050000000003,,trade,9fc40381-30cf-440b-af8d-928a32e013cd,0.00165
BINANCE:BTCUSDT,2024-12-02 19:04:05.622+0000,2024-12-02 19:04:17.331+0000,95565.039999999994,,trade,2b462f3d-5226-4cad-b8e7-1dc580c81201,0.00024
BINANCE:BTCUSDT,2024-12-02 19:04:06.046+0000,2024-12-02 19:04:17.331+0000,95565.039999999994,,trade,0d854766-3490-41bb-b6ba-4fc7b5315f0e,0.00016
BINANCE:BTCUSDT,2024-12-02 19:04:06.126+0000,2024-12-02 19:04:17.331+0000,95565.039999999994,,trade,549b606d-0fcd-49cc-9d2c-019557411e73,0.00024
BINANCE:BTCUSDT,2024-12-02 19:04:06.154+0000,2024-12-02 19:04:17.331+0000,95565.050000000003,,trade,7cfe4d1d-0ea4-4cf9-bd51-3d59cef824c3,0.00102
BINANCE:BTCUSDT,2024-12-02 19:04:06.155+0000,2024-12-02 19:04:17.331+0000,95565.050000000003,,trade,6625533e-3a89-4669-a861-e9255eb5f939,0.0004
BINANCE:BTCUSDT,2024-12-02 19:04:06.183+0000,2024-12-02 19:04:17.331+0000,95565.050000000003,,trade,e5779b12-8211-4aa8-9fa7-90369eb50939,0.25893
BINANCE:BTCUSDT,2024-12-02 19:04:06.188+0000,2024-12-02 19:04:17.331+0000,95565.050000000003,,trade,8f603b5a-621c-49fe-86b6-bf8dcfa8f595,0.0001
BINANCE:BTCUSDT,2024-12-02 19:04:06.204+0000,2024-12-02 19:04:17.331+0000,95565.050000000003,,trade,a0d3681d-b716-46ce-8752-57565ad9da5f,0.02268
BINANCE:BTCUSDT,2024-12-02 19:04:06.205+0000,2024-12-02 19:04:17.331+0000,95565.050000000003,,trade,ca116781-3697-48ba-ac64-e3d38c394aae,0.01787
BINANCE:BTCUSDT,2024-12-02 19:04:06.209+0000,2024-12-02 19:04:17.331+0000,95566.509999999995,,trade,f04e24c5-66c6-41af-92f8-5d212eea0c64,0.00167
BINANCE:BTCUSDT,2024-12-02 19:04:06.289+0000,2024-12-02 19:04:17.331+0000,95566.509999999995,,trade,26014b79-9786-4926-9cb1-09c5a085249d,0.01213
BINANCE:BTCUSDT,2024-12-02 19:04:06.290+0000,2024-12-02 19:04:17.331+0000,95566.509999999995,,trade,c720cd06-7d9f-40b0-a7a7-e56c4b5eb468,0.00275
BINANCE:BTCUSDT,2024-12-02 19:04:06.294+0000,2024-12-02 19:04:17.331+0000,95566.509999999995,,trade,eb370afb-16ed-471b-b3b7-18d9a0d9a1e2,7e-05
BINANCE:BTCUSDT,2024-12-02 19:04:06.326+0000,2024-12-02 19:04:17.331+0000,95566.509999999995,,trade,e5411d5e-5f6a-4280-baed-fa4bac5f389d,0.00423
BINANCE:BTCUSDT,2024-12-02 19:04:06.334+0000,2024-12-02 19:04:17.331+0000,95566.509999999995,,trade,93c162f1-9ff8-4bcb-8069-e417e20ac390,0.02462
BINANCE:BTCUSDT,2024-12-02 19:04:06.335+0000,2024-12-02 19:04:17.331+0000,95566.509999999995,,trade,5574c5b5-1b21-47e6-b9e0-371196826602,0.00455
BINANCE:BTCUSDT,2024-12-02 19:04:06.355+0000,2024-12-02 19:04:17.331+0000,95570.5,,trade,ea2696c9-cb47-4093-b427-862fefbd1318,0.00994
BINANCE:BTCUSDT,2024-12-02 19:04:06.414+0000,2024-12-02 19:04:17.331+0000,95570.509999999995,,trade,a631d070-78b3-422c-a710-a39ba853f664,0.03339
BINANCE:BTCUSDT,2024-12-02 19:04:06.416+0000,2024-12-02 19:04:17.331+0000,95570.5,,trade,e8ccd647-253f-412d-8718-679679c11ec2,0.00229
BINANCE:BTCUSDT,2024-12-02 19:04:06.419+0000,2024-12-02 19:04:17.331+0000,95570.5,,trade,9dbdc5ce-5047-4ff2-a05c-5a096c8b67e6,0.00229
BINANCE:BTCUSDT,2024-12-02 19:04:06.433+0000,2024-12-02 19:04:17.331+0000,95574.960000000006,,trade,f888c1ff-f174-4229-9e17-3a908f64a4a4,0.01259
BINANCE:BTCUSDT,2024-12-02 19:04:06.469+0000,2024-12-02 19:04:17.331+0000,95575.990000000005,,trade,dfba1f6f-6daa-4aea-b0c4-b58b611ca4be,0.0003
BINANCE:BTCUSDT,2024-12-02 19:04:06.471+0000,2024-12-02 19:04:17.331+0000,95576.679999999993,,trade,fd725dbc-2a46-4ed1-9d28-2fb4bef3dbe4,0.00266
BINANCE:BTCUSDT,2024-12-02 19:04:06.491+0000,2024-12-02 19:04:17.331+0000,95576.679999999993,,trade,a34ed67f-b201-43f0-84a3-379b8c725d7d,0.0002
BINANCE:BTCUSDT,2024-12-02 19:04:06.644+0000,2024-12-02 19:04:17.331+0000,95576.679999999993,,trade,a4e80f71-f5c4-4a4b-b5fd-bd93049e58fc,0.03701
BINANCE:BTCUSDT,2024-12-02 19:04:06.804+0000,2024-12-02 19:04:17.331+0000,95578.240000000005,,trade,5c6c75c4-a547-4167-81b1-555d7d143cf8,0.0414
BINANCE:BTCUSDT,2024-12-02 19:04:06.883+0000,2024-12-02 19:04:17.331+0000,95578.240000000005,,trade,119db982-a844-457d-91b1-ef302334e45c,0.00156
BINANCE:BTCUSDT,2024-12-02 19:04:06.985+0000,2024-12-02 19:04:17.331+0000,95578.229999999996,,trade,1c7c33c3-8cb5-45b9-8b7d-a9ca07578c8c,0.00012
BINANCE:BTCUSDT,2024-12-02 19:04:07.349+0000,2024-12-02 19:04:17.331+0000,95578.240000000005,,trade,e0286fb1-939f-4fac-9ea5-921a70f916c3,0.00021
BINANCE:BTCUSDT,2024-12-02 19:04:07.362+0000,2024-12-02 19:04:17.331+0000,95578.240000000005,,trade,cb4e87d0-3fff-4762-892a-085cc949fa40,0.00042
BINANCE:BTCUSDT,2024-12-02 19:04:07.587+0000,2024-12-02 19:04:17.331+0000,95578.229999999996,,trade,79471367-6223-4edd-ad4a-c494854950c8,0.00201
BINANCE:BTCUSDT,2024-12-02 19:04:07.703+0000,2024-12-02 19:04:17.331+0000,95578.229999999996,,trade,4541f53a-8b38-42e6-909d-be4df7027117,9e-05
BINANCE:BTCUSDT,2024-12-02 19:04:07.830+0000,2024-12-02 19:04:17.331+0000,95578.229999999996,,trade,b5f6d761-e2ec-48d4-9342-236de6778f1f,0.00341
BINANCE:BTCUSDT,2024-12-02 19:04:08.062+0000,2024-12-02 19:04:17.331+0000,95578.229999999996,,trade,78905174-04a0-4346-b431-0e14cf082ddf,0.00063
BINANCE:BTCUSDT,2024-12-02 19:04:08.084+0000,2024-12-02 19:04:17.331+0000,95578.229999999996,,trade,a49d2310-1f73-4ccb-95f9-4965b1215c06,0.00041
BINANCE:BTCUSDT,2024-12-02 19:04:08.277+0000,2024-12-02 19:04:17.331+0000,95578.229999999996,,trade,414d5e28-088f-4dad-8e03-fb3202a5f48c,0.00355
BINANCE:BTCUSDT,2024-12-02 19:04:08.287+0000,2024-12-02 19:04:17.331+0000,95577.940000000002,,trade,ffa78ee3-5d7c-4ccc-9059-b1261cc32ed4,0.02872
BINANCE:BTCUSDT,2024-12-02 19:04:08.290+0000,2024-12-02 19:04:17.331+0000,95576.679999999993,,trade,e971134f-2e85-47ed-a840-ec21f6656e1f,0.00015
BINANCE:BTCUSDT,2024-12-02 19:04:08.292+0000,2024-12-02 19:04:17.331+0000,95576.669999999998,,trade,c91b05d0-4964-482a-a60e-4b1713e81e82,0.00218
BINANCE:BTCUSDT,2024-12-02 19:04:08.311+0000,2024-12-02 19:04:17.331+0000,95576.669999999998,,trade,be05acad-c5f0-4267-9adb-c88908c6379a,0.00198
BINANCE:BTCUSDT,2024-12-02 19:04:08.318+0000,2024-12-02 19:04:17.331+0000,95575.899999999994,,trade,d99c3fac-4cf3-4768-b163-b887930213bf,8e-05
BINANCE:BTCUSDT,2024-12-02 19:04:08.322+0000,2024-12-02 19:04:17.331+0000,95575.889999999999,,trade,4ef3912a-ad35-475a-9f1b-75b0e455ce2e,0.23759
BINANCE:BTCUSDT,2024-12-02 19:04:08.324+0000,2024-12-02 19:04:17.331+0000,95575.889999999999,,trade,edb1089c-ffe6-4a41-b51a-b3d5b9411581,0.00025
BINANCE:BTCUSDT,2024-12-02 19:04:08.353+0000,2024-12-02 19:04:17.331+0000,95572.009999999995,,trade,f5dfe057-c555-42db-9ced-09f39af939c6,0.0615
BINANCE:BTCUSDT,2024-12-02 19:04:08.355+0000,2024-12-02 19:04:17.331+0000,95570.529999999999,,trade,b284e96a-327c-4994-a75d-f3fdc490f6aa,6e-05
BINANCE:BTCUSDT,2024-12-02 19:04:08.357+0000,2024-12-02 19:04:17.331+0000,95570.520000000004,,trade,7b107917-d70a-4317-ad14-dad3eade5076,0.00266
BINANCE:BTCUSDT,2024-12-02 19:04:08.360+0000,2024-12-02 19:04:17.331+0000,95570.529999999999,,trade,94d54e78-7f6d-486f-804b-1541d480523e,0.00914
BINANCE:BTCUSDT,2024-12-02 19:04:08.361+0000,2024-12-02 19:04:17.331+0000,95570.529999999999,,trade,d5dd453f-3792-4e1d-93be-3eb54c5ac6c5,0.00024
BINANCE:BTCUSDT,2024-12-02 19:04:08.362+0000,2024-12-02 19:04:17.331+0000,95570.529999999999,,trade,25c44ecf-d30d-4218-883c-7af7f83afbf7,0.00063
BINANCE:BTCUSDT,2024-12-02 19:04:08.365+0000,2024-12-02 19:04:17.331+0000,95570.520000000004,,trade,db64d36a-dead-4063-9628-e63dccf218fa,0.00266
BINANCE:BTCUSDT,2024-12-02 19:04:08.440+0000,2024-12-02 19:04:17.331+0000,95570.520000000004,,trade,f659bac2-817a-4c2c-bd7d-8a46fd0a8532,6e-05
BINANCE:BTCUSDT,2024-12-02 19:04:08.442+0000,2024-12-02 19:04:17.331+0000,95570.509999999995,,trade,f9703876-7329-4de8-9de5-44cfbf9b768a,0.02439
BINANCE:BTCUSDT,2024-12-02 19:04:08.443+0000,2024-12-02 19:04:17.331+0000,95570.5,,trade,c98f3efb-5260-41e8-9a66-7c34d20d5151,0.256
BINANCE:BTCUSDT,2024-12-02 19:04:08.446+0000,2024-12-02 19:04:17.331+0000,95568.479999999996,,trade,f6b9935c-71a8-456f-a095-6eb587ec0f9b,0.00246
BINANCE:BTCUSDT,2024-12-02 19:04:08.447+0000,2024-12-02 19:04:17.331+0000,95568.479999999996,,trade,de76bb27-5051-4e32-8b80-e800b3b10d55,0.00266
BINANCE:BTCUSDT,2024-12-02 19:04:08.450+0000,2024-12-02 19:04:17.331+0000,95568.490000000005,,trade,b92a0f22-2028-4ef6-8294-ecde574187af,6e-05
BINANCE:BTCUSDT,2024-12-02 19:04:08.477+0000,2024-12-02 19:04:17.331+0000,95568.479999999996,,trade,ff332d1b-907a-4e71-ab3a-12e7fa224d4d,0.00595
BINANCE:BTCUSDT,2024-12-02 19:04:08.478+0000,2024-12-02 19:04:17.331+0000,95568.440000000002,,trade,00614f03-09d8-4348-ab79-2cb66d02fcf2,0.0002
BINANCE:BTCUSDT,2024-12-02 19:04:08.480+0000,2024-12-02 19:04:17.331+0000,95566.529999999999,,trade,b6398ce1-77a3-4260-aec9-9302aba46476,0.00017
BINANCE:BTCUSDT,2024-12-02 19:04:08.481+0000,2024-12-02 19:04:17.331+0000,95566.529999999999,,trade,f1c6c2bc-af23-4ccc-a11c-a84c1b8e2f3c,0.00086
BINANCE:BTCUSDT,2024-12-02 19:04:08.482+0000,2024-12-02 19:04:17.331+0000,95566.520000000004,,trade,053cdfbc-6b81-48dd-9d45-0a52bc36a1b8,0.0583
BINANCE:BTCUSDT,2024-12-02 19:04:08.486+0000,2024-12-02 19:04:17.331+0000,95566.520000000004,,trade,f6812ac0-abdd-4876-a1a2-4f92123556a1,0.00025
BINANCE:BTCUSDT,2024-12-02 19:04:08.524+0000,2024-12-02 19:04:17.331+0000,95566.5,,trade,d84660a2-ba1d-4d0f-85d7-5fca961401f4,0.02027
BINANCE:BTCUSDT,2024-12-02 19:04:08.592+0000,2024-12-02 19:04:17.331+0000,95566.5,,trade,a42eec6b-3f4b-436e-8053-0614193cd691,0.02833
BINANCE:BTCUSDT,2024-12-02 19:04:08.593+0000,2024-12-02 19:04:17.331+0000,95561.75,,trade,f512cd25-b36c-46cf-8466-7930f81d0474,0.03296
BINANCE:BTCUSDT,2024-12-02 19:04:08.595+0000,2024-12-02 19:04:17.331+0000,95561.740000000005,,trade,5f0c8ff3-fbfe-4e07-aaa2-947957f1ab6d,0.00266
BINANCE:BTCUSDT,2024-12-02 19:04:08.596+0000,2024-12-02 19:04:17.331+0000,95561.660000000003,,trade,ed66ee74-3044-4f4c-b4b2-ef6cea716c3e,0.19507
BINANCE:BTCUSDT,2024-12-02 19:04:08.597+0000,2024-12-02 19:04:17.331+0000,95561.649999999994,,trade,eec42f08-6d4b-4422-861c-5881d0d29ed6,0.03534
BINANCE:BTCUSDT,2024-12-02 19:04:08.599+0000,2024-12-02 19:04:17.331+0000,95561.5,,trade,293ab7d8-8064-4a25-946a-d67c3ac9288c,0.00105
BINANCE:BTCUSDT,2024-12-02 19:04:08.601+0000,2024-12-02 19:04:17.331+0000,95560.919999999998,,trade,fbd5e6c4-041a-4ade-9851-c5b331580536,0.01046
BINANCE:BTCUSDT,2024-12-02 19:04:08.604+0000,2024-12-02 19:04:17.331+0000,95558.789999999994,,trade,ffeff952-78c3-4fd8-8242-56d6fcedba6e,0.0002
BINANCE:BTCUSDT,2024-12-02 19:04:08.607+0000,2024-12-02 19:04:17.331+0000,95556.619999999995,,trade,d2cfdefa-f088-4a03-974b-bd760a779e72,0.00266
BINANCE:BTCUSDT,2024-12-02 19:04:08.725+0000,2024-12-02 19:04:17.331+0000,95556.619999999995,,trade,f4ec41cb-1958-4a74-a0f3-9af62e832cd6,0.01046
BINANCE:BTCUSDT,2024-12-02 19:04:08.728+0000,2024-12-02 19:04:17.331+0000,95552.759999999995,,trade,ccb1f27e-37b5-4741-8596-758acd156c59,0.0002
BINANCE:BTCUSDT,2024-12-02 19:04:08.730+0000,2024-12-02 19:04:17.331+0000,95548.850000000006,,trade,f4e93a14-4bf6-4422-b00b-33f84a7af6b6,0.0008
BINANCE:BTCUSDT,2024-12-02 19:04:08.731+0000,2024-12-02 19:04:17.331+0000,95548.009999999995,,trade,f7c4d469-bb35-4b6b-8ad2-45d502d9e144,0.00126
BINANCE:BTCUSDT,2024-12-02 19:04:08.732+0000,2024-12-02 19:04:17.331+0000,95548,,trade,9a0e420d-5894-4f7c-84a9-52ec86756919,0.00025
BINANCE:BTCUSDT,2024-12-02 19:04:08.810+0000,2024-12-02 19:04:17.331+0000,95548.009999999995,,trade,50e689a2-342e-4d1a-8768-5f01234363e3,0.00021
BINANCE:BTCUSDT,2024-12-02 19:04:09.169+0000,2024-12-02 19:04:17.331+0000,95548,,trade,35bcd8b5-2a38-4eeb-b490-07fbf8afcd2f,0.003
BINANCE:BTCUSDT,2024-12-02 19:04:09.567+0000,2024-12-02 19:04:17.331+0000,95548.009999999995,,trade,0384c87d-7209-48a2-a874-22ebcf7c37ef,6e-05
BINANCE:BTCUSDT,2024-12-02 19:04:09.842+0000,2024-12-02 19:04:17.331+0000,95548.009999999995,,trade,4bae4ee7-415d-4471-bb05-5ce44e5caec6,0.00019
BINANCE:BTCUSDT,2024-12-02 19:04:09.857+0000,2024-12-02 19:04:17.331+0000,95548,,trade,1cd94b65-01db-47b6-aeee-3375ef792d97,0.00033
BINANCE:BTCUSDT,2024-12-02 19:04:09.902+0000,2024-12-02 19:04:17.331+0000,95548.009999999995,,trade,935f8a04-5f0a-4bd4-9624-3d9ba16dde04,0.0002
BINANCE:BTCUSDT,2024-12-02 19:04:10.421+0000,2024-12-02 19:04:17.331+0000,95548.009999999995,,trade,ca7d1dbf-a59c-4e2d-8f9d-c5e4e018efc1,0.0001
BINANCE:BTCUSDT,2024-12-02 19:04:10.599+0000,2024-12-02 19:04:17.331+0000,95548,,trade,f417de13-520e-4025-a401-b52dc8f25285,0.00331
BINANCE:BTCUSDT,2024-12-02 19:04:10.703+0000,2024-12-02 19:04:17.331+0000,95548,,trade,fba6429f-642f-4c81-9a22-1e2604fbf2cb,0.00014
BINANCE:BTCUSDT,2024-12-02 19:04:10.704+0000,2024-12-02 19:04:17.331+0000,95548,,trade,17bd669e-720f-4498-aee7-4bd0219211b9,0.00014
BINANCE:BTCUSDT,2024-12-02 19:04:10.708+0000,2024-12-02 19:04:17.331+0000,95548,,trade,5bbd4c03-e817-4288-9225-6a50368c1aa4,0.00157
BINANCE:BTCUSDT,2024-12-02 19:04:10.754+0000,2024-12-02 19:04:17.331+0000,95548,,trade,d7adc4ed-fc29-44e8-bff3-a6739f574428,0.01087
BINANCE:BTCUSDT,2024-12-02 19:04:10.795+0000,2024-12-02 19:04:17.331+0000,95548.009999999995,,trade,cb014606-e801-4743-beef-50638146e5a6,0.00517
BINANCE:BTCUSDT,2024-12-02 19:04:10.797+0000,2024-12-02 19:04:17.331+0000,95548.009999999995,,trade,d7682438-a253-4bf2-aa98-864f190429e2,0.00063
BINANCE:BTCUSDT,2024-12-02 19:04:10.806+0000,2024-12-02 19:04:17.331+0000,95548.009999999995,,trade,6b4e4dcd-e4c7-4458-b7b7-7b835d0ad01f,0.00346
BINANCE:BTCUSDT,2024-12-02 19:04:10.947+0000,2024-12-02 19:04:17.331+0000,95548,,trade,6d56e2be-6792-4651-aa11-600d5a958eb4,0.00015
BINANCE:BTCUSDT,2024-12-02 19:04:11.184+0000,2024-12-02 19:04:17.331+0000,95548.009999999995,,trade,630d9e9e-1122-4bae-8140-a0095575a7d9,0.00021
BINANCE:BTCUSDT,2024-12-02 19:04:11.485+0000,2024-12-02 19:04:17.331+0000,95548.009999999995,,trade,005d1c9c-afc2-41ac-a7b7-03415a930859,0.00147
BINANCE:BTCUSDT,2024-12-02 19:04:11.754+0000,2024-12-02 19:04:17.331+0000,95548.009999999995,,trade,1ffad6c4-fb6a-4ca2-a2c7-1a7db4466ca2,0.00028
BINANCE:BTCUSDT,2024-12-02 19:04:11.887+0000,2024-12-02 19:04:17.331+0000,95548.009999999995,,trade,5d7d9805-b4af-44b5-a3bc-ca5d13ac5896,0.00015
BINANCE:BTCUSDT,2024-12-02 19:04:12.265+0000,2024-12-02 19:04:17.331+0000,95548.009999999995,,trade,add8d37f-9e6b-4ea2-8e32-dde83d929c5a,0.49297
BINANCE:BTCUSDT,2024-12-02 19:04:12.849+0000,2024-12-02 19:04:17.331+0000,95548.009999999995,,trade,b6c13dd2-bf8b-498d-8edd-a7f6ba70bca4,0.01086
BINANCE:BTCUSDT,2024-12-02 19:04:13.051+0000,2024-12-02 19:04:17.331+0000,95548.009999999995,,trade,730fead8-9fef-493e-8572-d195cb607bf0,0.00072
BINANCE:BTCUSDT,2024-12-02 19:04:13.177+0000,2024-12-02 19:04:17.331+0000,95548.009999999995,,trade,6e30445f-0072-4ae9-949e-985aaadec09e,0.00248
BINANCE:BTCUSDT,2024-12-02 19:04:13.178+0000,2024-12-02 19:04:17.331+0000,95548.009999999995,,trade,9daff8c5-5f4b-4f0e-8c9b-bb7c67ddb27a,0.00055
BINANCE:BTCUSDT,2024-12-02 19:04:13.180+0000,2024-12-02 19:04:17.331+0000,95548.009999999995,,trade,e878717f-aacf-40d4-a47c-69b2309c4132,0.0024
BINANCE:BTCUSDT,2024-12-02 19:04:13.181+0000,2024-12-02 19:04:17.331+0000,95548.009999999995,,trade,c5f6368c-5c9f-489f-8ffb-1dabb41a246c,0.0024
BINANCE:BTCUSDT,2024-12-02 19:04:13.182+0000,2024-12-02 19:04:17.331+0000,95548.009999999995,,trade,c44653ba-e7c1-4c9e-89b8-711bed916319,0.00594
BINANCE:BTCUSDT,2024-12-02 19:04:13.183+0000,2024-12-02 19:04:17.331+0000,95548.009999999995,,trade,f3cb9745-486e-4410-b878-cccf99e134c2,0.00594
BINANCE:BTCUSDT,2024-12-02 19:04:13.186+0000,2024-12-02 19:04:17.331+0000,95548.009999999995,,trade,e7ccb137-806b-475a-b3b3-09439cf7fcc6,0.00437
BINANCE:BTCUSDT,2024-12-02 19:04:13.187+0000,2024-12-02 19:04:17.331+0000,95548.009999999995,,trade,3f13ab04-eaf9-4cbf-b0fb-7401c3bb172e,0.00373
BINANCE:BTCUSDT,2024-12-02 19:04:13.188+0000,2024-12-02 19:04:17.331+0000,95548.009999999995,,trade,a4764ad8-b807-42cc-ac26-546db11f9cb2,0.00467
BINANCE:BTCUSDT,2024-12-02 19:04:13.194+0000,2024-12-02 19:04:17.331+0000,95548.009999999995,,trade,99b4e2aa-db16-40c1-81f2-6bf50b24d3c3,0.00063
BINANCE:BTCUSDT,2024-12-02 19:04:13.200+0000,2024-12-02 19:04:17.331+0000,95548.009999999995,,trade,337b22fa-03f1-42e2-8ca0-abdbe56d4ced,0.00063
BINANCE:BTCUSDT,2024-12-02 19:04:13.202+0000,2024-12-02 19:04:17.331+0000,95548.009999999995,,trade,6b2535e6-c3a2-4ef2-a39d-ce32505217b8,0.00042
BINANCE:BTCUSDT,2024-12-02 19:04:13.352+0000,2024-12-02 19:04:17.331+0000,95548.009999999995,,trade,f369b985-a8ae-40c7-98cf-0c49d7078ad4,0.001
BINANCE:BTCUSDT,2024-12-02 19:04:13.353+0000,2024-12-02 19:04:17.331+0000,95548.009999999995,,trade,c543595e-03de-4a48-8c17-7121311340b6,0.0089
BINANCE:BTCUSDT,2024-12-02 19:04:13.374+0000,2024-12-02 19:04:17.331+0000,95548,,trade,6a14494d-01ca-4d09-b8f1-e5ce7b0f8d10,0.00132
BINANCE:BTCUSDT,2024-12-02 19:04:13.443+0000,2024-12-02 19:04:17.331+0000,95548.009999999995,,trade,8595f380-66cc-4cf8-bd20-2d24b663f9f8,0.00026
BINANCE:BTCUSDT,2024-12-02 19:04:14.222+0000,2024-12-02 19:04:17.331+0000,95548,,trade,b8312aba-6100-43aa-943b-8ac78f180964,0.00024
BINANCE:BTCUSDT,2024-12-02 19:04:14.229+0000,2024-12-02 19:04:17.331+0000,95548.009999999995,,trade,17fee005-53db-4387-a852-a52d848dcb6c,0.00107
BINANCE:BTCUSDT,2024-12-02 19:04:14.294+0000,2024-12-02 19:04:17.331+0000,95548,,trade,e8553632-9986-4ef4-9fd4-6bb3442ac9e8,0.0005
BINANCE:BTCUSDT,2024-12-02 19:04:14.299+0000,2024-12-02 19:04:17.331+0000,95548,,trade,ed5a5671-3686-46b7-9525-2bd7f93e0f91,0.00024
BINANCE:BTCUSDT,2024-12-02 19:04:14.350+0000,2024-12-02 19:04:17.331+0000,95548,,trade,871a5da2-1536-4f83-90d2-38c5e23903fe,0.00101
BINANCE:BTCUSDT,2024-12-02 19:04:14.430+0000,2024-12-02 19:04:17.331+0000,95548.009999999995,,trade,aa8f7293-612f-44dc-92db-e0aa4b431cc3,0.00021
BINANCE:BTCUSDT,2024-12-02 19:04:14.435+0000,2024-12-02 19:04:17.331+0000,95548.009999999995,,trade,a3e05c00-2199-4e88-8b5d-f5f8ec007220,0.01548
BINANCE:BTCUSDT,2024-12-02 19:04:14.480+0000,2024-12-02 19:04:17.331+0000,95548.009999999995,,trade,c318a65f-785e-4be2-8355-b77ed05e79ae,0.01296
BINANCE:BTCUSDT,2024-12-02 19:04:14.493+0000,2024-12-02 19:04:17.331+0000,95549.490000000005,,trade,f3c9bc8c-740b-491e-8a64-ef8de25e6a7e,8e-05
BINANCE:BTCUSDT,2024-12-02 19:04:14.529+0000,2024-12-02 19:04:17.331+0000,95549.5,,trade,0cc3524f-b8e6-4544-b73a-1365387dea69,0.00657
BINANCE:BTCUSDT,2024-12-02 19:04:14.534+0000,2024-12-02 19:04:17.331+0000,95549.5,,trade,ab8411ea-f8e8-4781-bdb3-c776898e6400,6e-05
BINANCE:BTCUSDT,2024-12-02 19:04:14.615+0000,2024-12-02 19:04:17.331+0000,95549.5,,trade,43b9c777-fa5f-422a-81d5-82e813948870,0.01582
BINANCE:BTCUSDT,2024-12-02 19:04:14.731+0000,2024-12-02 19:04:17.331+0000,95549.5,,trade,71f73e6d-3bdd-4c66-a3c8-4539a096921f,0.00361
BINANCE:BTCUSDT,2024-12-02 19:04:14.740+0000,2024-12-02 19:04:17.331+0000,95549.520000000004,,trade,3170128b-a79e-457a-af33-1f62990e098b,6e-05
BINANCE:BTCUSDT,2024-12-02 19:04:14.742+0000,2024-12-02 19:04:17.331+0000,95555.990000000005,,trade,19e5f353-4dfc-4b8a-a209-f9b59acc7302,6e-05
BINANCE:BTCUSDT,2024-12-02 19:04:14.774+0000,2024-12-02 19:04:17.331+0000,95560.529999999999,,trade,d6d5039a-48e8-4ec6-92de-136f3ff60486,0.08782
BINANCE:BTCUSDT,2024-12-02 19:04:15.373+0000,2024-12-02 19:04:17.331+0000,95560.520000000004,,trade,f5f895b8-466a-45cb-9914-9ce08d448c8b,0.00151
BINANCE:BTCUSDT,2024-12-02 19:04:15.643+0000,2024-12-02 19:04:17.331+0000,95560.520000000004,,trade,8491866b-8bd3-459a-9efa-1c61d651c72e,0.00171
BINANCE:BTCUSDT,2024-12-02 19:04:15.820+0000,2024-12-02 19:04:17.331+0000,95560.520000000004,,trade,0d4f160e-1bc2-480d-a46a-e59bd52eedfa,0.00039
BINANCE:BTCUSDT,2024-12-02 19:04:15.921+0000,2024-12-02 19:04:17.331+0000,95560.529999999999,,trade,fe623db9-d4f8-48d4-bca5-dc4d666b183e,0.00104
BINANCE:BTCUSDT,2024-12-02 19:04:15.946+0000,2024-12-02 19:04:17.331+0000,95560.520000000004,,trade,a0a68329-d063-4176-bfca-0767410ca88f,0.00544
BINANCE:BTCUSDT,2024-12-02 19:04:16.165+0000,2024-12-02 19:04:17.331+0000,95560.529999999999,,trade,55497ef1-9899-4eef-a172-96aec3a92c6e,0.00063
BINANCE:BTCUSDT,2024-12-02 19:04:16.503+0000,2024-12-02 19:04:17.331+0000,95560.529999999999,,trade,77009fe1-526a-41db-bc5f-94ca7bb48c2e,0.00073
BINANCE:BTCUSDT,2024-12-02 19:04:16.523+0000,2024-12-02 19:04:17.331+0000,95560.529999999999,,trade,ab8a47ae-326b-4b47-865e-74803604f879,0.00052
BINANCE:BTCUSDT,2024-12-02 19:04:16.603+0000,2024-12-02 19:04:17.331+0000,95560.520000000004,,trade,c5b86c59-dbfd-4872-8e4a-917a4080a15d,0.0009
BINANCE:BTCUSDT,2024-12-02 19:04:16.637+0000,2024-12-02 19:04:17.331+0000,95560.529999999999,,trade,a146c64f-a135-4101-b8ed-53df82476b96,0.00847
BINANCE:BTCUSDT,2024-12-02 19:04:16.706+0000,2024-12-02 19:04:17.331+0000,95560.529999999999,,trade,e61e56a7-0645-4c7d-b0d1-be3c7ca6fd44,0.00248
BINANCE:BTCUSDT,2024-12-02 19:04:16.952+0000,2024-12-02 19:04:24.608+0000,95560.520000000004,,trade,21a23934-5228-4cdd-9e09-007f7746f3c7,0.00039
BINANCE:BTCUSDT,2024-12-02 19:04:17.087+0000,2024-12-02 19:04:24.608+0000,95560.520000000004,,trade,85d58c77-658c-4d6d-86d1-b05ab0e51372,0.00551
BINANCE:BTCUSDT,2024-12-02 19:04:17.090+0000,2024-12-02 19:04:24.608+0000,95560.529999999999,,trade,e010cc06-5ba1-4fcd-a61a-c05d55bbae92,0.00084
BINANCE:BTCUSDT,2024-12-02 19:04:17.091+0000,2024-12-02 19:04:24.608+0000,95560.529999999999,,trade,c4d3e82b-b844-4304-94d7-d70dfa775090,0.0019
BINANCE:BTCUSDT,2024-12-02 19:04:17.306+0000,2024-12-02 19:04:24.608+0000,95560.520000000004,,trade,b5cd27d7-0761-48f4-9a8a-14df85dc2133,0.00192
BINANCE:BTCUSDT,2024-12-02 19:04:17.345+0000,2024-12-02 19:04:24.608+0000,95560.520000000004,,trade,5231663b-2d5f-4357-8366-1909605eec7a,0.00681
BINANCE:BTCUSDT,2024-12-02 19:04:17.578+0000,2024-12-02 19:04:24.608+0000,95560.520000000004,,trade,f3b33b3b-71b5-4f6e-8f3c-182c2e33795d,0.00136
BINANCE:BTCUSDT,2024-12-02 19:04:17.720+0000,2024-12-02 19:04:24.608+0000,95560.520000000004,,trade,83d060c5-9e82-46fd-a65f-68a1bcd6ef15,0.01945
BINANCE:BTCUSDT,2024-12-02 19:04:17.812+0000,2024-12-02 19:04:24.608+0000,95560.529999999999,,trade,48a6053c-750f-4924-8f73-042e12974996,0.0093
BINANCE:BTCUSDT,2024-12-02 19:04:17.924+0000,2024-12-02 19:04:24.608+0000,95560.529999999999,,trade,b655d34c-69f8-4a62-8025-3212389fb296,0.00053
BINANCE:BTCUSDT,2024-12-02 19:04:18.287+0000,2024-12-02 19:04:24.608+0000,95560.529999999999,,trade,525f9f0a-a2e2-49a4-a222-d28d767ba9c2,0.00047
BINANCE:BTCUSDT,2024-12-02 19:04:18.301+0000,2024-12-02 19:04:24.608+0000,95560.520000000004,,trade,f0bc14e7-6567-4790-aa7e-f27a1486e2fa,0.35337
BINANCE:BTCUSDT,2024-12-02 19:04:18.303+0000,2024-12-02 19:04:24.608+0000,95560.020000000004,,trade,f7a5294c-2f60-487d-b2ab-19ac5fc77412,0.01805
BINANCE:BTCUSDT,2024-12-02 19:04:18.304+0000,2024-12-02 19:04:24.608+0000,95556.619999999995,,trade,e8154a78-863e-4378-9be2-f96734d1dc06,8e-05
BINANCE:BTCUSDT,2024-12-02 19:04:18.305+0000,2024-12-02 19:04:24.608+0000,95556.619999999995,,trade,e59817b8-7f81-4bb4-a455-1f8f2057c30e,0.23403
BINANCE:BTCUSDT,2024-12-02 19:04:18.307+0000,2024-12-02 19:04:24.608+0000,95556.610000000001,,trade,1afa8f65-8b54-4657-b167-44adcecd979e,0.00025
BINANCE:BTCUSDT,2024-12-02 19:04:18.333+0000,2024-12-02 19:04:24.608+0000,95556.009999999995,,trade,f14ce6f1-cd6f-4d13-8d96-66680e6e5647,0.00255
BINANCE:BTCUSDT,2024-12-02 19:04:18.335+0000,2024-12-02 19:04:24.608+0000,95552.009999999995,,trade,c1eefa48-b42f-4731-be8a-174058d1e8c5,0.00234
BINANCE:BTCUSDT,2024-12-02 19:04:18.338+0000,2024-12-02 19:04:24.608+0000,95549.520000000004,,trade,eba87bbe-f340-4a92-830a-bf1f603bba58,6e-05
BINANCE:BTCUSDT,2024-12-02 19:04:18.340+0000,2024-12-02 19:04:24.608+0000,95548,,trade,819870cc-6ac0-4379-a0a9-92bd599b7bdb,0.00154
BINANCE:BTCUSDT,2024-12-02 19:04:18.432+0000,2024-12-02 19:04:24.608+0000,95548,,trade,e82ce7fb-3d02-4902-a09a-f8534e2a3244,0.0008
BINANCE:BTCUSDT,2024-12-02 19:04:18.763+0000,2024-12-02 19:04:24.608+0000,95548.009999999995,,trade,4fd186bc-78d6-4385-a829-cdc4b6f4e128,0.0067
BINANCE:BTCUSDT,2024-12-02 19:04:19.210+0000,2024-12-02 19:04:24.608+0000,95548.009999999995,,trade,fb69565d-4897-4107-91ee-d62b7099a2b0,0.01039
BINANCE:BTCUSDT,2024-12-02 19:04:19.220+0000,2024-12-02 19:04:24.608+0000,95548,,trade,f201e8ef-b9ce-41b1-8575-beca20e60b15,0.01021
BINANCE:BTCUSDT,2024-12-02 19:04:19.234+0000,2024-12-02 19:04:24.608+0000,95545.779999999999,,trade,f3b4cc05-5f29-45d9-9f26-0b2e0e75bed9,0.00025
BINANCE:BTCUSDT,2024-12-02 19:04:19.236+0000,2024-12-02 19:04:24.608+0000,95544.009999999995,,trade,e3615fdf-72ca-4b21-b75e-bae357eb537c,0.00073
BINANCE:BTCUSDT,2024-12-02 19:04:19.237+0000,2024-12-02 19:04:24.608+0000,95544,,trade,9d18276a-3104-48c6-9c9b-d18d68822f7c,0.00025
BINANCE:BTCUSDT,2024-12-02 19:04:19.372+0000,2024-12-02 19:04:24.608+0000,95544,,trade,a845f045-e828-44c5-b2af-8cc70d68a42c,0.00017
BINANCE:BTCUSDT,2024-12-02 19:04:19.605+0000,2024-12-02 19:04:24.608+0000,95544.009999999995,,trade,24b0c210-e855-40dd-b2d6-19d875765d42,0.00063
BINANCE:BTCUSDT,2024-12-02 19:04:19.618+0000,2024-12-02 19:04:24.608+0000,95544.009999999995,,trade,c9258f27-082d-4ab8-a3df-8a2d7351a0fe,0.00398
BINANCE:BTCUSDT,2024-12-02 19:04:19.620+0000,2024-12-02 19:04:24.608+0000,95544.009999999995,,trade,d76c2095-67f2-4f24-9a43-3754574befe2,0.00063
BINANCE:BTCUSDT,2024-12-02 19:04:19.675+0000,2024-12-02 19:04:24.608+0000,95544.009999999995,,trade,6ff35445-1c7b-465b-8316-5e7bd7fe08c0,0.00128
BINANCE:BTCUSDT,2024-12-02 19:04:19.727+0000,2024-12-02 19:04:24.608+0000,95544.009999999995,,trade,fcf38d5c-ef24-4e0a-9b4b-eb494ab02d1a,0.00247
BINANCE:BTCUSDT,2024-12-02 19:04:20.286+0000,2024-12-02 19:04:24.608+0000,95544,,trade,f1533a3b-884f-43e7-be33-9b11988d4490,0.00084
BINANCE:BTCUSDT,2024-12-02 19:04:20.524+0000,2024-12-02 19:04:24.608+0000,95544,,trade,d613184b-6b54-4782-a29e-7b48023ac57e,0.00566
BINANCE:BTCUSDT,2024-12-02 19:04:20.617+0000,2024-12-02 19:04:24.608+0000,95544,,trade,7782707f-37cd-4e02-845a-39319dafcb4b,0.00012
BINANCE:BTCUSDT,2024-12-02 19:04:20.825+0000,2024-12-02 19:04:24.608+0000,95544.009999999995,,trade,56c1de08-0514-46df-bee6-05d7a11b2124,0.00202
BINANCE:BTCUSDT,2024-12-02 19:04:21.049+0000,2024-12-02 19:04:24.608+0000,95544,,trade,76140480-62c5-41fc-bfc3-63a94566423c,0.0004
BINANCE:BTCUSDT,2024-12-02 19:04:21.351+0000,2024-12-02 19:04:24.608+0000,95544.009999999995,,trade,a722d9e5-2185-4ebf-b416-4147c530829f,0.00026
BINANCE:BTCUSDT,2024-12-02 19:04:21.378+0000,2024-12-02 19:04:24.608+0000,95544.009999999995,,trade,ae3b9a7a-a841-4434-a7e8-1b812733db67,0.00254
BINANCE:BTCUSDT,2024-12-02 19:04:21.435+0000,2024-12-02 19:04:24.608+0000,95544.009999999995,,trade,c2f5d412-534e-4179-bdb4-fa6c6f15b2c6,0.38563
BINANCE:BTCUSDT,2024-12-02 19:04:21.439+0000,2024-12-02 19:04:24.608+0000,95546.020000000004,,trade,f612eb31-ade8-40d7-8580-11e049bf5299,0.00934
BINANCE:BTCUSDT,2024-12-02 19:04:21.440+0000,2024-12-02 19:04:24.608+0000,95546.020000000004,,trade,5be21289-210d-4da5-8f9b-1f83de6ab842,8e-05
BINANCE:BTCUSDT,2024-12-02 19:04:21.448+0000,2024-12-02 19:04:24.608+0000,95546.460000000006,,trade,f367f6cf-e344-4a56-adcf-77ffccf00475,0.00086
BINANCE:BTCUSDT,2024-12-02 19:04:21.559+0000,2024-12-02 19:04:24.608+0000,95546.449999999997,,trade,be9575c2-1398-4cce-8f20-e53977b3d0fd,0.00015
BINANCE:BTCUSDT,2024-12-02 19:04:22.029+0000,2024-12-02 19:04:24.608+0000,95546.449999999997,,trade,01a031fa-7290-41f1-acd9-21bd161f21db,7e-05
BINANCE:BTCUSDT,2024-12-02 19:04:22.030+0000,2024-12-02 19:04:24.608+0000,95546.449999999997,,trade,8fd1b06d-ced4-4c1d-9a7a-24a96a3d41e3,0.01504
BINANCE:BTCUSDT,2024-12-02 19:04:22.053+0000,2024-12-02 19:04:24.608+0000,95546.449999999997,,trade,6c1b7ca2-6486-4fcd-b496-b72ab59716f8,0.01511
BINANCE:BTCUSDT,2024-12-02 19:04:22.095+0000,2024-12-02 19:04:24.608+0000,95546.449999999997,,trade,302f9ec0-7a1c-4793-a9ce-255a147ce04e,0.01014
BINANCE:BTCUSDT,2024-12-02 19:04:22.096+0000,2024-12-02 19:04:24.608+0000,95546.449999999997,,trade,2e0c3485-83a4-46bc-95ce-ea196c5cfe13,0.01265
BINANCE:BTCUSDT,2024-12-02 19:04:22.186+0000,2024-12-02 19:04:24.608+0000,95546.460000000006,,trade,089f8e50-b995-4857-a053-4cf87e8b57a3,0.0093
BINANCE:BTCUSDT,2024-12-02 19:04:22.438+0000,2024-12-02 19:04:24.608+0000,95546.460000000006,,trade,70cb3dbb-066a-43b0-b540-399226820634,0.00012
BINANCE:BTCUSDT,2024-12-02 19:04:22.508+0000,2024-12-02 19:04:24.608+0000,95546.449999999997,,trade,e6c66ab5-90ca-4a63-9caa-c7ea42bf8e97,0.00045
BINANCE:BTCUSDT,2024-12-02 19:04:22.588+0000,2024-12-02 19:04:24.608+0000,95546.449999999997,,trade,45a63984-3c9c-4cf0-9967-2a4533961ff8,0.0001
BINANCE:BTCUSDT,2024-12-02 19:04:22.773+0000,2024-12-02 19:04:24.608+0000,95546.460000000006,,trade,c968d66e-3360-4899-a8a9-45642eb35a8d,0.01035
BINANCE:BTCUSDT,2024-12-02 19:04:23.076+0000,2024-12-02 19:04:24.608+0000,95546.449999999997,,trade,58a22886-56ec-45de-a26d-a3181c9ab1fa,0.00016
BINANCE:BTCUSDT,2024-12-02 19:04:23.144+0000,2024-12-02 19:04:24.608+0000,95546.460000000006,,trade,87abf4bd-ea46-4acd-b9f4-6b01f39325c5,0.00026
BINANCE:BTCUSDT,2024-12-02 19:04:23.340+0000,2024-12-02 19:04:24.608+0000,95546.460000000006,,trade,3f465a5b-ca99-4da4-b873-9d89b5ad15fb,0.31826
BINANCE:BTCUSDT,2024-12-02 19:04:23.344+0000,2024-12-02 19:04:24.608+0000,95548.009999999995,,trade,c12a2692-3103-4f8d-821c-49af8b2bb62c,0.00562
BINANCE:BTCUSDT,2024-12-02 19:04:23.346+0000,2024-12-02 19:04:24.608+0000,95554.710000000006,,trade,a961bb75-ec4f-4e17-b632-e67b5b9fcf18,6e-05
BINANCE:BTCUSDT,2024-12-02 19:04:23.350+0000,2024-12-02 19:04:24.608+0000,95555.550000000003,,trade,ed701737-a040-495d-825b-7f2ea3601666,6e-05
BINANCE:BTCUSDT,2024-12-02 19:04:23.453+0000,2024-12-02 19:04:26.422+0000,95556.669999999998,,trade,b926b67b-a1cf-426e-91cc-b60f0adb714a,0.00523
BINANCE:BTCUSDT,2024-12-02 19:04:23.509+0000,2024-12-02 19:04:26.422+0000,95556.679999999993,,trade,c08e1c70-bdd0-4ec0-bcbd-6d7f4ceaea00,0.02516
BINANCE:BTCUSDT,2024-12-02 19:04:23.542+0000,2024-12-02 19:04:26.422+0000,95556.669999999998,,trade,9f9db0f2-36fe-4509-b86b-25cb3ce7d110,0.0093
BINANCE:BTCUSDT,2024-12-02 19:04:23.587+0000,2024-12-02 19:04:26.422+0000,95556.679999999993,,trade,ba9c9f93-3d0f-498e-b1a5-d58adba88121,0.00452
BINANCE:BTCUSDT,2024-12-02 19:04:23.691+0000,2024-12-02 19:04:26.422+0000,95556.679999999993,,trade,4f1a54d1-7e3f-44cf-95a0-378fc27fcf7e,0.00052
BINANCE:BTCUSDT,2024-12-02 19:04:23.858+0000,2024-12-02 19:04:26.422+0000,95556.669999999998,,trade,af41a743-4724-4000-86e2-25d9cdc688b3,0.00015
BINANCE:BTCUSDT,2024-12-02 19:04:23.988+0000,2024-12-02 19:04:26.422+0000,95558.5,,trade,00f79548-77d2-4e0a-a0e5-51e55577ffe0,0.006
BINANCE:BTCUSDT,2024-12-02 19:04:24.290+0000,2024-12-02 19:04:26.422+0000,95558.5,,trade,f245b559-fdc3-4a10-bb52-e14e8a40f433,0.00966
BINANCE:BTCUSDT,2024-12-02 19:04:24.428+0000,2024-12-02 19:04:26.422+0000,95558.509999999995,,trade,f5ac330b-a4df-4e6e-a7d8-e33b9c5f5ca9,0.00023
BINANCE:BTCUSDT,2024-12-02 19:04:24.839+0000,2024-12-02 19:04:26.422+0000,95558.509999999995,,trade,ef8a1a6a-03fc-407c-9e9a-539034432e6c,0.0093
BINANCE:BTCUSDT,2024-12-02 19:04:25.142+0000,2024-12-02 19:04:26.422+0000,95558.509999999995,,trade,65717471-6dd8-4b5c-894d-9f6dc450a30e,0.00252
BINANCE:BTCUSDT,2024-12-02 19:04:25.169+0000,2024-12-02 19:04:26.422+0000,95558.5,,trade,9046b606-5c33-4aeb-a588-619b10057677,0.10469
BINANCE:BTCUSDT,2024-12-02 19:04:25.170+0000,2024-12-02 19:04:26.422+0000,95558.5,,trade,f6c75465-0412-4a48-ac1b-e2789ed7615c,0.00628
BINANCE:BTCUSDT,2024-12-02 19:04:25.172+0000,2024-12-02 19:04:26.422+0000,95558.5,,trade,5b7bc04d-17fd-4de3-88f8-7c8a6cb845ac,0.00628
BINANCE:BTCUSDT,2024-12-02 19:04:25.173+0000,2024-12-02 19:04:26.422+0000,95558.5,,trade,71cee8e6-028f-4ea1-b41a-98d42806d046,0.00628
BINANCE:BTCUSDT,2024-12-02 19:04:25.174+0000,2024-12-02 19:04:26.422+0000,95558.5,,trade,d55a5d50-6cbb-45d0-aa80-e5816c8c989c,0.00628
BINANCE:BTCUSDT,2024-12-02 19:04:25.175+0000,2024-12-02 19:04:26.422+0000,95558.5,,trade,7b543760-2def-423d-8525-6edd17dafc52,0.00628
BINANCE:BTCUSDT,2024-12-02 19:04:25.176+0000,2024-12-02 19:04:26.422+0000,95558.5,,trade,77d68047-4fb7-4359-9eac-c1158207ad54,0.00628
BINANCE:BTCUSDT,2024-12-02 19:04:25.177+0000,2024-12-02 19:04:26.422+0000,95558.5,,trade,e5e04fd9-41cb-4fcf-98f5-7eb2dd392475,0.00628
BINANCE:BTCUSDT,2024-12-02 19:04:25.178+0000,2024-12-02 19:04:26.422+0000,95558.5,,trade,f9120da0-8e54-4a7d-8309-f39634c35ef5,0.00598
BINANCE:BTCUSDT,2024-12-02 19:04:25.184+0000,2024-12-02 19:04:26.422+0000,95558.5,,trade,73b82948-73c0-4a4b-8f76-0e18e4188bad,0.00028
BINANCE:BTCUSDT,2024-12-02 19:04:25.191+0000,2024-12-02 19:04:26.422+0000,95558.5,,trade,4e319ecc-d5eb-45fd-bb9b-fce49c5bed7f,0.00028
BINANCE:BTCUSDT,2024-12-02 19:04:25.198+0000,2024-12-02 19:04:26.422+0000,95558.5,,trade,4a1d11b7-b3c3-4ffb-945d-ae72ba6346d8,0.00031
BINANCE:BTCUSDT,2024-12-02 19:04:25.204+0000,2024-12-02 19:04:26.422+0000,95558.5,,trade,c52c34e5-0371-4593-842c-d92708f4063e,0.00028
BINANCE:BTCUSDT,2024-12-02 19:04:25.208+0000,2024-12-02 19:04:26.422+0000,95558.5,,trade,77422534-400f-49b8-a078-028c2d935e54,0.00029
BINANCE:BTCUSDT,2024-12-02 19:04:25.243+0000,2024-12-02 19:04:26.422+0000,95558.5,,trade,26e3ffd8-b1e8-429a-882c-7f72e17816f1,0.00031
BINANCE:BTCUSDT,2024-12-02 19:04:25.306+0000,2024-12-02 19:04:26.422+0000,95558.5,,trade,87fcd2ee-7b59-4780-b68b-316c3ae3055e,0.00031
BINANCE:BTCUSDT,2024-12-02 19:04:25.309+0000,2024-12-02 19:04:26.422+0000,95558.5,,trade,e611c5ce-ba08-4042-bbb0-56ce03b159e2,0.00017
BINANCE:BTCUSDT,2024-12-02 19:04:25.310+0000,2024-12-02 19:04:26.422+0000,95558.5,,trade,db287903-4987-418d-bfaf-115d90dc30a6,0.00029
BINANCE:BTCUSDT,2024-12-02 19:04:25.319+0000,2024-12-02 19:04:26.422+0000,95558.5,,trade,6865dae2-27cd-4ad6-a2c8-6d0df3d3d022,0.00028
BINANCE:BTCUSDT,2024-12-02 19:04:25.375+0000,2024-12-02 19:04:26.422+0000,95558.5,,trade,9f5da8aa-240d-42bb-af0c-fe4d5e13e5b8,0.0005
BINANCE:BTCUSDT,2024-12-02 19:04:25.380+0000,2024-12-02 19:04:26.422+0000,95558.5,,trade,360dc794-ff81-43ed-8a49-6933430d0127,0.00031
BINANCE:BTCUSDT,2024-12-02 19:04:25.384+0000,2024-12-02 19:04:26.422+0000,95558.5,,trade,99bbd894-27ee-4e34-b3bb-20f2d63e81af,0.00028
BINANCE:BTCUSDT,2024-12-02 19:04:25.386+0000,2024-12-02 19:04:26.422+0000,95558.5,,trade,7d2bd435-ed50-413b-8234-cf248b1720a1,0.00029
BINANCE:BTCUSDT,2024-12-02 19:04:25.391+0000,2024-12-02 19:04:26.422+0000,95558.5,,trade,3da6c207-467a-40bf-a32d-031a445a1a6c,0.00021
BINANCE:BTCUSDT,2024-12-02 19:04:25.520+0000,2024-12-02 19:04:26.422+0000,95558.5,,trade,a505323f-5fed-4c73-bfda-686d59bd0c53,8e-05
BINANCE:BTCUSDT,2024-12-02 19:04:25.637+0000,2024-12-02 19:04:26.422+0000,95558.5,,trade,b7435736-13f8-4f41-bbcd-3947a60df873,0.00029
BINANCE:BTCUSDT,2024-12-02 19:04:25.640+0000,2024-12-02 19:04:26.422+0000,95558.5,,trade,baacda71-632d-4369-9fc3-5e085c7ff8f3,0.00031
BINANCE:BTCUSDT,2024-12-02 19:04:25.684+0000,2024-12-02 19:04:26.422+0000,95558.5,,trade,8d841ed3-6558-44c4-a180-a3e632c7706f,0.00031
BINANCE:BTCUSDT,2024-12-02 19:04:26.071+0000,2024-12-02 19:04:30.009+0000,95558.5,,trade,303c42e6-cea8-435b-9320-25bf9ce88580,0.00031
BINANCE:BTCUSDT,2024-12-02 19:04:26.074+0000,2024-12-02 19:04:30.009+0000,95558.5,,trade,3a5929b3-e490-4aad-a186-feb41775dd98,0.00028
BINANCE:BTCUSDT,2024-12-02 19:04:26.078+0000,2024-12-02 19:04:30.009+0000,95558.5,,trade,54054fe9-c58c-4d27-902e-aae4deefc46d,0.00029
BINANCE:BTCUSDT,2024-12-02 19:04:26.116+0000,2024-12-02 19:04:30.009+0000,95558.5,,trade,a53e4c7c-9f5b-47b4-9de9-eff5e7f98abd,0.00031
BINANCE:BTCUSDT,2024-12-02 19:04:26.130+0000,2024-12-02 19:04:30.009+0000,95558.5,,trade,4f4b3987-4d78-4a2d-bb49-674a280a75e7,0.00028
BINANCE:BTCUSDT,2024-12-02 19:04:26.143+0000,2024-12-02 19:04:30.009+0000,95558.5,,trade,109c2a81-d6b9-46ed-8b49-8a5da5af38e3,0.00029
BINANCE:BTCUSDT,2024-12-02 19:04:26.179+0000,2024-12-02 19:04:30.009+0000,95558.5,,trade,a4fa037a-ed24-4b8d-91c6-d47bf18a8024,0.00028
BINANCE:BTCUSDT,2024-12-02 19:04:26.193+0000,2024-12-02 19:04:30.009+0000,95558.5,,trade,98a4c47a-4387-4abe-be36-8285163da02b,0.00029
BINANCE:BTCUSDT,2024-12-02 19:04:26.241+0000,2024-12-02 19:04:30.009+0000,95558.5,,trade,003cf236-2b6f-4b2c-8258-077755bba236,0.00028
BINANCE:BTCUSDT,2024-12-02 19:04:26.244+0000,2024-12-02 19:04:30.009+0000,95558.5,,trade,bc5c3641-3c80-49e5-89a7-f5759473e2f5,0.0058
BINANCE:BTCUSDT,2024-12-02 19:04:26.289+0000,2024-12-02 19:04:30.009+0000,95558.5,,trade,6cba22a1-b10a-463c-b9c4-4dc6aa373654,0.00028
BINANCE:BTCUSDT,2024-12-02 19:04:26.338+0000,2024-12-02 19:04:30.009+0000,95558.5,,trade,82c23e89-8216-485d-8039-e795024f69a3,0.00027
BINANCE:BTCUSDT,2024-12-02 19:04:26.343+0000,2024-12-02 19:04:30.009+0000,95558.5,,trade,af8b8f88-95ac-4685-85f5-9d5663c2236d,0.00029
BINANCE:BTCUSDT,2024-12-02 19:04:26.384+0000,2024-12-02 19:04:30.009+0000,95558.5,,trade,66610ddd-eaed-4449-be78-62adafb76d3b,0.00029
BINANCE:BTCUSDT,2024-12-02 19:04:26.390+0000,2024-12-02 19:04:30.009+0000,95558.509999999995,,trade,75a976fa-affe-49f1-9b91-7599a4b517e2,0.00028
BINANCE:BTCUSDT,2024-12-02 19:04:26.415+0000,2024-12-02 19:04:30.009+0000,95558.5,,trade,a7670f1e-b089-473a-8586-1b55dff1a29e,0.00027
BINANCE:BTCUSDT,2024-12-02 19:04:26.431+0000,2024-12-02 19:04:30.009+0000,95558.5,,trade,6035e48f-a9e8-4165-b484-df582bb4efb1,0.00029
BINANCE:BTCUSDT,2024-12-02 19:04:26.437+0000,2024-12-02 19:04:30.009+0000,95558.5,,trade,396de145-0af8-4c80-9841-ea7e0d20f7e8,0.00028
BINANCE:BTCUSDT,2024-12-02 19:04:26.445+0000,2024-12-02 19:04:30.009+0000,95558.5,,trade,18632ca4-93f2-44b5-a57a-fa374c2b3ae0,0.00038
BINANCE:BTCUSDT,2024-12-02 19:04:26.468+0000,2024-12-02 19:04:30.009+0000,95558.5,,trade,abc59e03-2dbe-4d9c-993f-9898624779eb,0.00027
BINANCE:BTCUSDT,2024-12-02 19:04:26.476+0000,2024-12-02 19:04:30.009+0000,95558.5,,trade,52995719-e934-454e-b550-174c77b9c6fc,0.00029
BINANCE:BTCUSDT,2024-12-02 19:04:26.485+0000,2024-12-02 19:04:30.009+0000,95558.5,,trade,d588baeb-4d89-4d5a-8926-b9b412370fdb,0.00028
BINANCE:BTCUSDT,2024-12-02 19:04:26.486+0000,2024-12-02 19:04:30.009+0000,95558.509999999995,,trade,bce3188b-e063-4def-a353-de9d22ca7eea,0.00209
BINANCE:BTCUSDT,2024-12-02 19:04:26.517+0000,2024-12-02 19:04:30.009+0000,95558.5,,trade,03fd9938-27b9-4c51-99eb-268598fd5fda,0.00027
BINANCE:BTCUSDT,2024-12-02 19:04:26.519+0000,2024-12-02 19:04:30.009+0000,95558.5,,trade,07fb67eb-ca9e-4f1e-96bd-1d03e0a17492,0.00029
BINANCE:BTCUSDT,2024-12-02 19:04:26.539+0000,2024-12-02 19:04:30.009+0000,95558.5,,trade,272f9c98-495a-49d0-8356-787a055b6965,0.00028
BINANCE:BTCUSDT,2024-12-02 19:04:26.562+0000,2024-12-02 19:04:30.009+0000,95558.5,,trade,75536739-8bae-4109-bada-b00a3ad56001,0.00029
BINANCE:BTCUSDT,2024-12-02 19:04:26.566+0000,2024-12-02 19:04:30.009+0000,95558.5,,trade,7eb4bff9-d921-4e21-a277-20a4d6e24413,0.00027
BINANCE:BTCUSDT,2024-12-02 19:04:26.591+0000,2024-12-02 19:04:30.009+0000,95558.5,,trade,792ce07d-302f-4ecc-ab81-217a0e30048c,0.00028
BINANCE:BTCUSDT,2024-12-02 19:04:26.605+0000,2024-12-02 19:04:30.009+0000,95558.5,,trade,b5260529-30cf-4603-8c02-c060337c6e20,0.00027
BINANCE:BTCUSDT,2024-12-02 19:04:26.609+0000,2024-12-02 19:04:30.009+0000,95558.5,,trade,18705a83-143b-4984-ae05-0d7011a3e76b,0.00029
BINANCE:BTCUSDT,2024-12-02 19:04:26.641+0000,2024-12-02 19:04:30.009+0000,95558.5,,trade,39a5488e-e4b1-4181-a1b2-d0e467d91416,0.00028
BINANCE:BTCUSDT,2024-12-02 19:04:26.651+0000,2024-12-02 19:04:30.009+0000,95558.5,,trade,ecda44f8-e7c7-4440-bdc4-678e6a236549,0.00027
BINANCE:BTCUSDT,2024-12-02 19:04:26.654+0000,2024-12-02 19:04:30.009+0000,95558.5,,trade,36990cc0-51f5-49f9-bbab-fb94bf5db076,0.00029
BINANCE:BTCUSDT,2024-12-02 19:04:26.686+0000,2024-12-02 19:04:30.009+0000,95558.5,,trade,2880afcd-699e-4f93-84ed-cc984a98d1b8,0.00028
BINANCE:BTCUSDT,2024-12-02 19:04:26.690+0000,2024-12-02 19:04:30.009+0000,95558.5,,trade,fd1f652a-948d-4423-af3a-a3e53c43312b,0.00027
BINANCE:BTCUSDT,2024-12-02 19:04:26.693+0000,2024-12-02 19:04:30.009+0000,95558.5,,trade,949f2555-bd0b-4829-ac1d-849bdb59dad7,0.00029
BINANCE:BTCUSDT,2024-12-02 19:04:26.730+0000,2024-12-02 19:04:30.009+0000,95558.5,,trade,4675f4eb-c22c-4847-b1bf-1f7b2f9f3db9,0.00027
BINANCE:BTCUSDT,2024-12-02 19:04:26.733+0000,2024-12-02 19:04:30.009+0000,95558.5,,trade,bde02f61-1f07-4b2a-8371-fd1fd63e6950,0.00029
BINANCE:BTCUSDT,2024-12-02 19:04:26.745+0000,2024-12-02 19:04:30.009+0000,95558.509999999995,,trade,be5b3457-7fb8-47cb-9a1f-837dc6ea01e7,0.00161
BINANCE:BTCUSDT,2024-12-02 19:04:26.755+0000,2024-12-02 19:04:30.009+0000,95558.509999999995,,trade,afdde365-c839-4811-8d66-b4ffaa316a96,0.00159
BINANCE:BTCUSDT,2024-12-02 19:04:26.757+0000,2024-12-02 19:04:30.009+0000,95558.509999999995,,trade,47fc470f-25a1-45ca-bf66-6c7bf0d6b19a,0.00286
BINANCE:BTCUSDT,2024-12-02 19:04:26.769+0000,2024-12-02 19:04:30.009+0000,95558.5,,trade,1107eaba-966e-4af7-9c7a-aa1f07d0f244,0.00027
BINANCE:BTCUSDT,2024-12-02 19:04:26.770+0000,2024-12-02 19:04:30.009+0000,95558.5,,trade,47e00ed7-39ff-4821-bb52-5fbf3a0ab83f,0.00027
BINANCE:BTCUSDT,2024-12-02 19:04:26.776+0000,2024-12-02 19:04:30.009+0000,95558.5,,trade,317bd6e4-33a2-46bb-ade9-f6e89b80aa0e,0.00029
BINANCE:BTCUSDT,2024-12-02 19:04:26.790+0000,2024-12-02 19:04:30.009+0000,95558.509999999995,,trade,58088d97-a25d-4a28-8395-521e5938dd3a,0.00063
BINANCE:BTCUSDT,2024-12-02 19:04:26.805+0000,2024-12-02 19:04:30.009+0000,95558.5,,trade,8d72834b-1c4f-425c-ab8d-4e872d319c4c,0.00026
BINANCE:BTCUSDT,2024-12-02 19:04:26.816+0000,2024-12-02 19:04:30.009+0000,95558.5,,trade,efa19498-0d23-40ff-8091-551452bfc4f9,0.00027
BINANCE:BTCUSDT,2024-12-02 19:04:26.821+0000,2024-12-02 19:04:30.009+0000,95558.5,,trade,76ace6aa-7adb-43f5-8cba-1ae0709becaa,0.00029
BINANCE:BTCUSDT,2024-12-02 19:04:26.847+0000,2024-12-02 19:04:30.009+0000,95558.5,,trade,7b101809-d706-4be2-973d-b7ed942a0a12,0.00026
BINANCE:BTCUSDT,2024-12-02 19:04:26.848+0000,2024-12-02 19:04:30.009+0000,95558.5,,trade,2f6ee870-4046-43d8-8147-e1e3c209614b,0.00027
BINANCE:BTCUSDT,2024-12-02 19:04:26.862+0000,2024-12-02 19:04:30.009+0000,95558.5,,trade,bf3840e2-ee1d-4713-908f-a07553735c6e,0.00029
BINANCE:BTCUSDT,2024-12-02 19:04:26.891+0000,2024-12-02 19:04:30.009+0000,95558.5,,trade,9218d984-ebb9-49ee-b648-72dc42a074ef,0.00027
BINANCE:BTCUSDT,2024-12-02 19:04:26.896+0000,2024-12-02 19:04:30.009+0000,95558.5,,trade,8c671c41-5002-4ee7-8bf6-370e692b69bc,0.00026
BINANCE:BTCUSDT,2024-12-02 19:04:26.902+0000,2024-12-02 19:04:30.009+0000,95558.5,,trade,b882c98f-0444-454e-a0fd-d94005589e8e,0.00029
BINANCE:BTCUSDT,2024-12-02 19:04:26.909+0000,2024-12-02 19:04:30.009+0000,95558.509999999995,,trade,04ea56e4-c846-473e-b032-d3053500fc0e,0.0002
BINANCE:BTCUSDT,2024-12-02 19:04:26.934+0000,2024-12-02 19:04:30.009+0000,95558.509999999995,,trade,8a274988-f2d5-47a1-a96f-7eac0411218e,0.00027
BINANCE:BTCUSDT,2024-12-02 19:04:27.106+0000,2024-12-02 19:04:30.009+0000,95558.509999999995,,trade,cc350855-44c4-403c-aaa5-2abecedaefe3,0.00028
BINANCE:BTCUSDT,2024-12-02 19:04:27.116+0000,2024-12-02 19:04:30.009+0000,95558.509999999995,,trade,7b0603d7-3972-4f69-aa6b-2682df97233e,0.00028
BINANCE:BTCUSDT,2024-12-02 19:04:27.219+0000,2024-12-02 19:04:30.009+0000,95558.509999999995,,trade,17d5cadd-2ed3-41d2-89bc-302913c16337,0.00031
BINANCE:BTCUSDT,2024-12-02 19:04:27.570+0000,2024-12-02 19:04:30.009+0000,95558.509999999995,,trade,f94dbd23-5395-409c-910b-2822c7d1a9d0,0.00095
BINANCE:BTCUSDT,2024-12-02 19:04:27.587+0000,2024-12-02 19:04:30.009+0000,95558.509999999995,,trade,676e4837-b9a0-4037-8ab1-6f0f816a06f5,0.00535
BINANCE:BTCUSDT,2024-12-02 19:04:27.639+0000,2024-12-02 19:04:30.009+0000,95558.5,,trade,1f16c1cc-3ccf-40db-a20e-c44c5d8743d8,0.00022
BINANCE:BTCUSDT,2024-12-02 19:04:27.851+0000,2024-12-02 19:04:30.009+0000,95558.5,,trade,b292b30d-5265-46ca-a492-de4a32b40d3e,0.00265
BINANCE:BTCUSDT,2024-12-02 19:04:27.865+0000,2024-12-02 19:04:30.009+0000,95558.509999999995,,trade,8fa40f10-b70d-4563-9078-0072828d6232,0.00028
BINANCE:BTCUSDT,2024-12-02 19:04:28.121+0000,2024-12-02 19:04:30.009+0000,95558.509999999995,,trade,4b91402b-b10e-4cac-8bcb-4c9c04fff1ca,0.01138
BINANCE:BTCUSDT,2024-12-02 19:04:28.375+0000,2024-12-02 19:04:35.397+0000,95558.509999999995,,trade,e235ff22-e0ad-4e70-ac1b-ad7a75045110,0.00296
BINANCE:BTCUSDT,2024-12-02 19:04:28.411+0000,2024-12-02 19:04:35.397+0000,95558.509999999995,,trade,a038f8f0-1176-4187-adeb-998b6ac64168,0.001
BINANCE:BTCUSDT,2024-12-02 19:04:28.858+0000,2024-12-02 19:04:35.397+0000,95558.509999999995,,trade,da2be659-35a1-4eae-bd9b-719b2d11829b,0.00274
BINANCE:BTCUSDT,2024-12-02 19:04:28.922+0000,2024-12-02 19:04:35.397+0000,95558.5,,trade,f177dcc0-c95e-4f83-b29a-ba3ce4e234d7,0.0069
BINANCE:BTCUSDT,2024-12-02 19:04:28.935+0000,2024-12-02 19:04:35.397+0000,95558.5,,trade,d604ac62-fcef-4e1e-979c-c4a77c20da23,0.00028
BINANCE:BTCUSDT,2024-12-02 19:04:28.938+0000,2024-12-02 19:04:35.397+0000,95558.5,,trade,4e191ee3-a21b-4d49-8b49-261496a33b3f,0.00027
BINANCE:BTCUSDT,2024-12-02 19:04:28.939+0000,2024-12-02 19:04:35.397+0000,95558.5,,trade,8e8b248e-3b29-4587-b8c7-4ff62072bf2b,0.00029
BINANCE:BTCUSDT,2024-12-02 19:04:28.979+0000,2024-12-02 19:04:35.397+0000,95558.5,,trade,9846c5b8-d9a7-4a51-845d-b59f9dbc47ac,0.00029
BINANCE:BTCUSDT,2024-12-02 19:04:28.984+0000,2024-12-02 19:04:35.397+0000,95558.5,,trade,57b7ed21-f844-4627-8e3f-ec3741f5fe7b,0.00027
BINANCE:BTCUSDT,2024-12-02 19:04:28.985+0000,2024-12-02 19:04:35.397+0000,95558.5,,trade,59a30f1e-b176-4ef3-9237-5482565cb14a,0.00028
BINANCE:BTCUSDT,2024-12-02 19:04:29.019+0000,2024-12-02 19:04:35.397+0000,95558.5,,trade,e02030b1-2a31-4615-876d-1ef79c61db63,0.00026
BINANCE:BTCUSDT,2024-12-02 19:04:29.026+0000,2024-12-02 19:04:35.397+0000,95558.5,,trade,e12ce23c-c19c-4469-9aaf-4118b220f860,0.00029
BINANCE:BTCUSDT,2024-12-02 19:04:29.031+0000,2024-12-02 19:04:35.397+0000,95558.5,,trade,bdba5c6c-fd29-404d-ad3d-0439b4d336a5,0.00028
BINANCE:BTCUSDT,2024-12-02 19:04:29.040+0000,2024-12-02 19:04:35.397+0000,95558.5,,trade,f93c2153-0711-483e-ae1e-0b1c54ccf735,0.00027
BINANCE:BTCUSDT,2024-12-02 19:04:29.042+0000,2024-12-02 19:04:35.397+0000,95558.5,,trade,b6d65e85-50a1-4098-87a6-e801af426c76,0.00028
BINANCE:BTCUSDT,2024-12-02 19:04:29.046+0000,2024-12-02 19:04:35.397+0000,95558.5,,trade,9ed34bb5-6f0f-4a04-9e06-6def4fff8cf6,0.00028
BINANCE:BTCUSDT,2024-12-02 19:04:29.052+0000,2024-12-02 19:04:35.397+0000,95558.5,,trade,e9cda33a-bde9-43ae-a998-e8db4e8bb5e2,0.00026
BINANCE:BTCUSDT,2024-12-02 19:04:29.073+0000,2024-12-02 19:04:35.397+0000,95558.5,,trade,3af9e88e-4fc3-43ad-a978-cb9a3c122c74,0.00029
BINANCE:BTCUSDT,2024-12-02 19:04:29.076+0000,2024-12-02 19:04:35.397+0000,95558.5,,trade,b2ca4b61-2c78-4d5d-95f2-414861dd6835,0.00028
BINANCE:BTCUSDT,2024-12-02 19:04:29.081+0000,2024-12-02 19:04:35.397+0000,95558.5,,trade,0c0068e3-9188-44a8-8a1c-fb7687a7b3e2,0.00027
BINANCE:BTCUSDT,2024-12-02 19:04:29.083+0000,2024-12-02 19:04:35.397+0000,95558.5,,trade,e5e582de-7907-4395-a9e9-43dbcc917daf,0.00027
BINANCE:BTCUSDT,2024-12-02 19:04:29.096+0000,2024-12-02 19:04:35.397+0000,95558.5,,trade,8c5a60f5-667b-4fb3-9cb7-001c5814d67d,0.00028
BINANCE:BTCUSDT,2024-12-02 19:04:29.097+0000,2024-12-02 19:04:35.397+0000,95558.5,,trade,eda7b174-e42c-4e45-9eff-f5be50fc0e8c,0.00026
BINANCE:BTCUSDT,2024-12-02 19:04:29.099+0000,2024-12-02 19:04:35.397+0000,95558.509999999995,,trade,7a8f1f16-aa45-449d-be99-aa757cbb7f78,0.00138
BINANCE:BTCUSDT,2024-12-02 19:04:29.121+0000,2024-12-02 19:04:35.397+0000,95558.5,,trade,3639ebe8-b55f-48e1-94a1-d7e563d993b6,0.00029
BINANCE:BTCUSDT,2024-12-02 19:04:29.126+0000,2024-12-02 19:04:35.397+0000,95558.509999999995,,trade,3ece1be2-d5ee-4ef7-bd5a-551b815094a4,0.00052
BINANCE:BTCUSDT,2024-12-02 19:04:29.128+0000,2024-12-02 19:04:35.397+0000,95558.5,,trade,4d7e9662-f786-4bcb-b044-7b6c6a251aba,0.00028
BINANCE:BTCUSDT,2024-12-02 19:04:29.133+0000,2024-12-02 19:04:35.397+0000,95558.5,,trade,a75c654b-6b63-4051-9792-4ce338908458,0.00027
BINANCE:BTCUSDT,2024-12-02 19:04:29.134+0000,2024-12-02 19:04:35.397+0000,95558.5,,trade,4be2f683-d088-47e4-9e97-0b0886f661d5,0.00027
BINANCE:BTCUSDT,2024-12-02 19:04:29.140+0000,2024-12-02 19:04:35.397+0000,95558.5,,trade,90516bbf-58be-41b8-9d70-0a9d8f8ed70b,0.00026
BINANCE:BTCUSDT,2024-12-02 19:04:29.159+0000,2024-12-02 19:04:35.397+0000,95558.5,,trade,e39bf357-c920-4b40-aa2d-04b61d9b4557,0.00028
BINANCE:BTCUSDT,2024-12-02 19:04:29.165+0000,2024-12-02 19:04:35.397+0000,95558.5,,trade,f0ec8599-f036-4fd2-96e1-5a38e9c4467c,0.00029
BINANCE:BTCUSDT,2024-12-02 19:04:29.176+0000,2024-12-02 19:04:35.397+0000,95558.5,,trade,28bd2dad-46ff-46e3-8526-bcc7969bef9c,0.00026
BINANCE:BTCUSDT,2024-12-02 19:04:29.186+0000,2024-12-02 19:04:35.397+0000,95558.5,,trade,58ff135b-1772-4e1a-a4a7-4ee7b93fd914,0.00027
BINANCE:BTCUSDT,2024-12-02 19:04:29.191+0000,2024-12-02 19:04:35.397+0000,95558.5,,trade,4fc25428-6cdc-4fe8-8be8-8a841633a33d,0.00027
BINANCE:BTCUSDT,2024-12-02 19:04:29.197+0000,2024-12-02 19:04:35.397+0000,95558.5,,trade,b27382d2-ef28-41ca-9e0d-42adb1cb8de4,0.00026
BINANCE:BTCUSDT,2024-12-02 19:04:29.206+0000,2024-12-02 19:04:35.397+0000,95558.5,,trade,f405da27-3cbb-4637-9c14-7fb0217f4ac5,0.00029
BINANCE:BTCUSDT,2024-12-02 19:04:29.209+0000,2024-12-02 19:04:35.397+0000,95558.5,,trade,29c2beaa-8d3e-4d34-9330-be1c479684c7,0.00028
BINANCE:BTCUSDT,2024-12-02 19:04:29.223+0000,2024-12-02 19:04:35.397+0000,95558.5,,trade,84ddb737-9545-4f74-896a-ffef1f73a123,0.00026
BINANCE:BTCUSDT,2024-12-02 19:04:29.226+0000,2024-12-02 19:04:35.397+0000,95558.5,,trade,e3bea40a-d7b5-42e2-8d90-64a3977da183,0.00027
BINANCE:BTCUSDT,2024-12-02 19:04:29.233+0000,2024-12-02 19:04:35.397+0000,95558.5,,trade,03600156-8a41-456b-93fd-7e7e991efff0,0.00027
BINANCE:BTCUSDT,2024-12-02 19:04:29.241+0000,2024-12-02 19:04:35.397+0000,95558.5,,trade,4dca9845-d457-49f4-9e2e-401ab1688ce4,0.00025
BINANCE:BTCUSDT,2024-12-02 19:04:29.255+0000,2024-12-02 19:04:35.397+0000,95558.5,,trade,85cdb157-9095-4876-a256-453e369c2be1,0.00029
BINANCE:BTCUSDT,2024-12-02 19:04:29.259+0000,2024-12-02 19:04:35.397+0000,95558.5,,trade,4f3c6293-0415-4876-8d98-c9f4c2c9dbed,0.00027
BINANCE:BTCUSDT,2024-12-02 19:04:29.262+0000,2024-12-02 19:04:35.397+0000,95558.5,,trade,28084806-aa97-48a1-934e-15796f6e59c4,0.00026
BINANCE:BTCUSDT,2024-12-02 19:04:29.271+0000,2024-12-02 19:04:35.397+0000,95558.5,,trade,787f3e03-92e8-457c-88ca-8c591edb557b,0.00027
BINANCE:BTCUSDT,2024-12-02 19:04:29.283+0000,2024-12-02 19:04:35.397+0000,95558.5,,trade,038ac2e9-874f-48e9-a375-481d290c61b5,0.00025
BINANCE:BTCUSDT,2024-12-02 19:04:29.290+0000,2024-12-02 19:04:35.397+0000,95558.5,,trade,260a4182-b9af-4518-8e2b-f370ad0e85d0,0.00027
BINANCE:BTCUSDT,2024-12-02 19:04:29.302+0000,2024-12-02 19:04:35.397+0000,95558.5,,trade,5fa50d66-dc71-48e0-8c7c-303af8f84ee3,0.00027
BINANCE:BTCUSDT,2024-12-02 19:04:29.305+0000,2024-12-02 19:04:35.397+0000,95558.5,,trade,29ef4fa0-bcf2-410c-9296-166d545f5b16,0.00026
BINANCE:BTCUSDT,2024-12-02 19:04:29.313+0000,2024-12-02 19:04:35.397+0000,95558.5,,trade,0655e549-a4e7-4290-b309-01717107e954,0.00027
BINANCE:BTCUSDT,2024-12-02 19:04:29.320+0000,2024-12-02 19:04:35.397+0000,95558.5,,trade,b66332c2-4d04-43a6-8f2d-4c8644c63f0e,0.00029
BINANCE:BTCUSDT,2024-12-02 19:04:29.327+0000,2024-12-02 19:04:35.397+0000,95558.5,,trade,757fb7a3-f229-49f3-8a47-decf2c80817f,0.00025
BINANCE:BTCUSDT,2024-12-02 19:04:29.331+0000,2024-12-02 19:04:35.397+0000,95558.5,,trade,76ee49c9-51e0-4596-b763-b1b9848e95d2,0.00027
BINANCE:BTCUSDT,2024-12-02 19:04:29.346+0000,2024-12-02 19:04:35.397+0000,95558.5,,trade,298e4c32-6d52-4fcd-922d-ba0617ef2e4b,0.00026
BINANCE:BTCUSDT,2024-12-02 19:04:29.352+0000,2024-12-02 19:04:35.397+0000,95558.5,,trade,5c25ea1b-0553-4a1e-8e8a-f7a7862125dd,0.00027
BINANCE:BTCUSDT,2024-12-02 19:04:29.360+0000,2024-12-02 19:04:35.397+0000,95558.5,,trade,8f2bd624-0b7c-487b-b940-a9413d4b75fc,5e-05
BINANCE:BTCUSDT,2024-12-02 19:04:29.361+0000,2024-12-02 19:04:35.397+0000,95558.5,,trade,0ef1550a-63ab-4106-84c8-4883a71d5729,0.00027
BINANCE:BTCUSDT,2024-12-02 19:04:29.371+0000,2024-12-02 19:04:35.397+0000,95558.509999999995,,trade,3d9d13ae-d7b8-47fd-8bef-9bebb7a87106,0.0009
BINANCE:BTCUSDT,2024-12-02 19:04:29.376+0000,2024-12-02 19:04:35.397+0000,95558.5,,trade,d877078b-0601-4922-9bf4-3b33322cff34,0.00027
BINANCE:BTCUSDT,2024-12-02 19:04:29.389+0000,2024-12-02 19:04:35.397+0000,95558.5,,trade,31818d7f-3af1-48a0-a8ff-abf0b67c5bf5,0.00025
BINANCE:BTCUSDT,2024-12-02 19:04:29.396+0000,2024-12-02 19:04:35.397+0000,95558.5,,trade,05f59404-c93e-4eae-add8-37cb750f6780,0.00026
BINANCE:BTCUSDT,2024-12-02 19:04:29.400+0000,2024-12-02 19:04:35.397+0000,95558.5,,trade,d1a78851-bb5c-474f-b552-2bbae136593b,0.00027
BINANCE:BTCUSDT,2024-12-02 19:04:29.402+0000,2024-12-02 19:04:35.397+0000,95558.5,,trade,90eda243-198e-4ebd-b3c6-46119e184736,0.00029
BINANCE:BTCUSDT,2024-12-02 19:04:29.415+0000,2024-12-02 19:04:35.397+0000,95558.5,,trade,ca483477-0a17-4c02-9ad8-68ce0f60c525,0.00027
BINANCE:BTCUSDT,2024-12-02 19:04:29.421+0000,2024-12-02 19:04:35.397+0000,95558.5,,trade,47004021-6c42-41bb-985f-da41835c98ef,0.00027
BINANCE:BTCUSDT,2024-12-02 19:04:29.431+0000,2024-12-02 19:04:35.397+0000,95558.5,,trade,e3a88f55-e091-46d5-a3a2-83c52627651c,0.00025
BINANCE:BTCUSDT,2024-12-02 19:04:29.439+0000,2024-12-02 19:04:35.397+0000,95558.5,,trade,d5e18918-0d11-4038-8ab8-35347e7eb005,0.00027
BINANCE:BTCUSDT,2024-12-02 19:04:29.446+0000,2024-12-02 19:04:35.397+0000,95558.5,,trade,c7c24732-f115-4d16-8674-7c931bd988f9,0.00029
BINANCE:BTCUSDT,2024-12-02 19:04:29.461+0000,2024-12-02 19:04:35.397+0000,95558.5,,trade,8e3e3a6c-b2e8-4c85-8afb-6ee00f267e4f,0.00027
BINANCE:BTCUSDT,2024-12-02 19:04:29.521+0000,2024-12-02 19:04:35.397+0000,95558.5,,trade,b5d267a7-256e-4a26-ace6-817414dbffd7,0.00027
BINANCE:BTCUSDT,2024-12-02 19:04:29.528+0000,2024-12-02 19:04:35.397+0000,95558.5,,trade,870eeae4-8ece-46ae-a381-00a8f6f1dfa6,0.00027
BINANCE:BTCUSDT,2024-12-02 19:04:29.529+0000,2024-12-02 19:04:35.397+0000,95558.5,,trade,cf082851-feff-4ef5-9ffd-cdef900c21e6,0.00027
BINANCE:BTCUSDT,2024-12-02 19:04:29.531+0000,2024-12-02 19:04:35.397+0000,95558.5,,trade,2440b85f-38db-47ea-916c-7b62ecf1f3c5,0.00029
BINANCE:BTCUSDT,2024-12-02 19:04:29.532+0000,2024-12-02 19:04:35.397+0000,95558.5,,trade,a2d30508-05fa-4ea0-8a0e-8ffad3c03dad,0.00026
BINANCE:BTCUSDT,2024-12-02 19:04:29.539+0000,2024-12-02 19:04:35.397+0000,95558.509999999995,,trade,915819b6-bd22-49fc-ad6b-f4ef282bc023,0.00545
BINANCE:BTCUSDT,2024-12-02 19:04:29.563+0000,2024-12-02 19:04:35.397+0000,95558.5,,trade,ca422ad2-60bb-4e7e-a16e-79056e0727c8,0.00027
BINANCE:BTCUSDT,2024-12-02 19:04:29.569+0000,2024-12-02 19:04:35.397+0000,95558.5,,trade,c2bbdac7-0360-4de3-9876-f1b85ed3583c,0.00027
BINANCE:BTCUSDT,2024-12-02 19:04:29.571+0000,2024-12-02 19:04:35.397+0000,95558.5,,trade,60854e29-74be-45a3-8ae4-566e34e8cb38,0.00025
BINANCE:BTCUSDT,2024-12-02 19:04:29.572+0000,2024-12-02 19:04:35.397+0000,95558.5,,trade,3ca57bfe-ad55-459d-bad8-148fcbcad4b6,0.00026
BINANCE:BTCUSDT,2024-12-02 19:04:29.576+0000,2024-12-02 19:04:35.397+0000,95558.5,,trade,1a0397df-a7c5-4baf-b93a-959f0d22f3c3,0.00026
BINANCE:BTCUSDT,2024-12-02 19:04:29.581+0000,2024-12-02 19:04:35.397+0000,95558.5,,trade,5aeaaf3b-01ac-4db9-a032-f8bdd83fb586,0.00033
BINANCE:BTCUSDT,2024-12-02 19:04:29.586+0000,2024-12-02 19:04:35.397+0000,95558.5,,trade,122d205d-81a5-47ec-9eb0-211bc031c2ca,0.00029
BINANCE:BTCUSDT,2024-12-02 19:04:30.022+0000,2024-12-02 19:04:35.397+0000,95558.5,,trade,5c1c7462-a552-4fdb-a8f1-5e1d876e8238,0.00054
BINANCE:BTCUSDT,2024-12-02 19:04:30.041+0000,2024-12-02 19:04:35.397+0000,95558.5,,trade,65002adc-b826-4ea3-92bc-46f1b09a1bc5,0.01314
BINANCE:BTCUSDT,2024-12-02 19:04:30.053+0000,2024-12-02 19:04:35.397+0000,95558.509999999995,,trade,2767b96b-4804-4301-9eee-eceb7248c72b,0.00114
BINANCE:BTCUSDT,2024-12-02 19:04:30.182+0000,2024-12-02 19:04:35.397+0000,95558.509999999995,,trade,993c4986-9acc-4619-88db-d268a6dafa0a,0.00105
BINANCE:BTCUSDT,2024-12-02 19:04:30.432+0000,2024-12-02 19:04:35.397+0000,95558.509999999995,,trade,94c946bb-f1c8-4454-ba5d-84916c6820fe,0.0093
BINANCE:BTCUSDT,2024-12-02 19:04:30.629+0000,2024-12-02 19:04:35.397+0000,95558.509999999995,,trade,bb4dcd49-b565-49e8-bee8-1d701c06d762,0.00209
BINANCE:BTCUSDT,2024-12-02 19:04:30.776+0000,2024-12-02 19:04:35.397+0000,95558.509999999995,,trade,9a1e3c57-7186-43ee-9205-c249e16f0e61,0.0001
BINANCE:BTCUSDT,2024-12-02 19:04:30.855+0000,2024-12-02 19:04:35.397+0000,95558.5,,trade,218c9b73-35b1-4c85-8fe8-300721f48dca,0.00849
BINANCE:BTCUSDT,2024-12-02 19:04:30.970+0000,2024-12-02 19:04:35.397+0000,95558.509999999995,,trade,b8bca7fb-312c-4601-84c8-b7caa6dfd9d7,0.0001
BINANCE:BTCUSDT,2024-12-02 19:04:31.169+0000,2024-12-02 19:04:35.397+0000,95558.520000000004,,trade,e8805162-1c93-47fc-966a-6177cecc9f1d,0.01569
BINANCE:BTCUSDT,2024-12-02 19:04:31.181+0000,2024-12-02 19:04:35.397+0000,95564.089999999997,,trade,f21d0ab2-476b-4574-803f-afa43bb90d36,6e-05
BINANCE:BTCUSDT,2024-12-02 19:04:31.384+0000,2024-12-02 19:04:35.397+0000,95564.100000000006,,trade,bcd50a1f-6104-4bc1-828e-81e9762337f5,0.00157
BINANCE:BTCUSDT,2024-12-02 19:04:31.394+0000,2024-12-02 19:04:35.397+0000,95564.089999999997,,trade,c0682fc3-2b68-4213-b0e6-f8039c907c20,0.10477
BINANCE:BTCUSDT,2024-12-02 19:04:31.396+0000,2024-12-02 19:04:35.397+0000,95564.089999999997,,trade,925d13d6-9615-4e3a-bfcf-baa2ad42c401,0.00403
BINANCE:BTCUSDT,2024-12-02 19:04:31.451+0000,2024-12-02 19:04:35.397+0000,95564.089999999997,,trade,66de138b-ebfd-48fa-a680-3613bc1029a2,0.00031
BINANCE:BTCUSDT,2024-12-02 19:04:31.457+0000,2024-12-02 19:04:35.397+0000,95564.089999999997,,trade,60d0f994-c58c-400e-b4aa-fef0d539821c,0.01086
BINANCE:BTCUSDT,2024-12-02 19:04:31.473+0000,2024-12-02 19:04:35.397+0000,95564.089999999997,,trade,147eca02-0fc2-4562-a256-67a114813bb9,0.00027
BINANCE:BTCUSDT,2024-12-02 19:04:31.495+0000,2024-12-02 19:04:35.397+0000,95564.089999999997,,trade,4f8d3e64-9839-4ad6-ab21-8d8e7fc87caf,0.01941
BINANCE:BTCUSDT,2024-12-02 19:04:31.500+0000,2024-12-02 19:04:35.397+0000,95564.089999999997,,trade,644281f0-3a7f-4e55-8f4b-af1950d9af65,0.01913
BINANCE:BTCUSDT,2024-12-02 19:04:31.503+0000,2024-12-02 19:04:35.397+0000,95564.089999999997,,trade,17d4fb63-e13b-44e0-b6fc-4e10ea2c1e5d,0.04287
BINANCE:BTCUSDT,2024-12-02 19:04:31.504+0000,2024-12-02 19:04:35.397+0000,95564.089999999997,,trade,bfa39417-e4e1-4eac-b992-56d4f161e660,0.00042
BINANCE:BTCUSDT,2024-12-02 19:04:31.510+0000,2024-12-02 19:04:35.397+0000,95564.100000000006,,trade,57dfda65-9def-45f0-9971-ecb061cfd069,0.02766
BINANCE:BTCUSDT,2024-12-02 19:04:31.513+0000,2024-12-02 19:04:35.397+0000,95564.089999999997,,trade,d899c2a3-10d4-43b9-9731-87081c5b115f,0.01564
BINANCE:BTCUSDT,2024-12-02 19:04:31.514+0000,2024-12-02 19:04:35.397+0000,95564.089999999997,,trade,90347a33-33ce-4256-80fe-ff7e9c150a2e,0.00027
BINANCE:BTCUSDT,2024-12-02 19:04:31.515+0000,2024-12-02 19:04:35.397+0000,95564.089999999997,,trade,8c094328-05e9-4b57-9fa7-8042f6de42b2,0.03497
BINANCE:BTCUSDT,2024-12-02 19:04:31.691+0000,2024-12-02 19:04:35.397+0000,95564.089999999997,,trade,ad96db52-6933-4f5c-a2b1-937d7e3b6e2e,0.00735
BINANCE:BTCUSDT,2024-12-02 19:04:31.725+0000,2024-12-02 19:04:35.397+0000,95564.089999999997,,trade,a3806fc3-c207-403f-bbce-a5eba223b90d,0.00578
BINANCE:BTCUSDT,2024-12-02 19:04:31.743+0000,2024-12-02 19:04:35.397+0000,95564.089999999997,,trade,b8082077-fdcc-43aa-b4da-7add8982aa9e,0.13715
BINANCE:BTCUSDT,2024-12-02 19:04:31.745+0000,2024-12-02 19:04:35.397+0000,95560.600000000006,,trade,ec8493f2-ef2b-4ac6-ad7c-3d53006f49a9,0.0002
BINANCE:BTCUSDT,2024-12-02 19:04:31.755+0000,2024-12-02 19:04:35.397+0000,95558.5,,trade,2afbe23e-e829-4484-8f44-bdab4824bc31,0.00138
BINANCE:BTCUSDT,2024-12-02 19:04:31.758+0000,2024-12-02 19:04:35.397+0000,95558.279999999999,,trade,ce3d5529-03b4-468a-9726-40a140ed765b,6e-05
BINANCE:BTCUSDT,2024-12-02 19:04:31.761+0000,2024-12-02 19:04:35.397+0000,95558.199999999997,,trade,b603efd5-ee8a-4db5-9933-3d1e97039e08,0.00055
BINANCE:BTCUSDT,2024-12-02 19:04:31.774+0000,2024-12-02 19:04:35.397+0000,95558.190000000002,,trade,c17d4bdc-aee6-4d0a-9b26-bca7130b7283,0.00189
BINANCE:BTCUSDT,2024-12-02 19:04:31.814+0000,2024-12-02 19:04:35.397+0000,95558.190000000002,,trade,97759f07-244c-4b8b-a96b-25e1ab50a257,0.00198
BINANCE:BTCUSDT,2024-12-02 19:04:31.823+0000,2024-12-02 19:04:35.397+0000,95558.190000000002,,trade,592c13bb-2c95-46bc-879a-40c03be57e3d,0.01013
BINANCE:BTCUSDT,2024-12-02 19:04:31.829+0000,2024-12-02 19:04:35.397+0000,95558.190000000002,,trade,660c95ec-f480-45e2-9073-4df8beb2b0fa,0.0027
BINANCE:BTCUSDT,2024-12-02 19:04:31.983+0000,2024-12-02 19:04:35.397+0000,95558.190000000002,,trade,7af54b28-adb3-4309-a195-24bf312428f2,0.01354
BINANCE:BTCUSDT,2024-12-02 19:04:32.028+0000,2024-12-02 19:04:35.397+0000,95558.190000000002,,trade,22021c36-d572-4152-b07f-1f204dbfc767,0.00151
BINANCE:BTCUSDT,2024-12-02 19:04:32.029+0000,2024-12-02 19:04:35.397+0000,95558.190000000002,,trade,70191dcf-9360-4173-ae83-3a7165fbc282,7e-05
BINANCE:BTCUSDT,2024-12-02 19:04:32.075+0000,2024-12-02 19:04:35.397+0000,95558.190000000002,,trade,ed0ad11b-4984-45e3-b5fd-49c403288cf6,0.21306
BINANCE:BTCUSDT,2024-12-02 19:04:32.076+0000,2024-12-02 19:04:35.397+0000,95556.009999999995,,trade,f35e6c12-e056-4a9c-94f9-8b29c4c42b48,0.0002
BINANCE:BTCUSDT,2024-12-02 19:04:32.077+0000,2024-12-02 19:04:35.397+0000,95553.559999999998,,trade,fa23d981-87c4-47f5-8e89-c61f371a533d,8e-05
BINANCE:BTCUSDT,2024-12-02 19:04:32.082+0000,2024-12-02 19:04:35.397+0000,95553.559999999998,,trade,df943934-afda-4eda-9760-517015c49226,8e-05
BINANCE:BTCUSDT,2024-12-02 19:04:32.088+0000,2024-12-02 19:04:35.397+0000,95553.149999999994,,trade,f0fa6d2c-562b-4721-8f70-0a10239b17a5,6e-05
BINANCE:BTCUSDT,2024-12-02 19:04:32.091+0000,2024-12-02 19:04:35.397+0000,95553.149999999994,,trade,ef486fcb-43d5-40b0-8c34-edb0a24749c8,0.00025
BINANCE:BTCUSDT,2024-12-02 19:04:32.095+0000,2024-12-02 19:04:35.397+0000,95553.149999999994,,trade,891ab584-f0a6-4725-8c39-3c3b367ff4d9,0.00025
BINANCE:BTCUSDT,2024-12-02 19:04:32.265+0000,2024-12-02 19:04:35.397+0000,95552.440000000002,,trade,68f3c462-3adf-4845-8368-99a42daf5e9f,0.00129
BINANCE:BTCUSDT,2024-12-02 19:04:32.403+0000,2024-12-02 19:04:35.397+0000,95546.369999999995,,trade,f1c4b5db-9f68-4233-88eb-637bd9c976bb,8e-05
BINANCE:BTCUSDT,2024-12-02 19:04:32.544+0000,2024-12-02 19:04:35.397+0000,95546.369999999995,,trade,1e8321fa-c41f-45be-9603-f09fb7920565,0.00024
BINANCE:BTCUSDT,2024-12-02 19:04:32.895+0000,2024-12-02 19:04:35.397+0000,95546.369999999995,,trade,b30df5da-9b8d-4516-9060-39d6977e8215,0.0093
BINANCE:BTCUSDT,2024-12-02 19:04:33.061+0000,2024-12-02 19:04:35.397+0000,95546.369999999995,,trade,d0744266-2ccb-4ee6-9fad-40e3d08393b6,0.0001
BINANCE:BTCUSDT,2024-12-02 19:04:33.080+0000,2024-12-02 19:04:35.397+0000,95546.360000000001,,trade,f65b192d-32f8-4f70-a970-3fc6f4afe16f,0.00156
BINANCE:BTCUSDT,2024-12-02 19:04:33.081+0000,2024-12-02 19:04:35.397+0000,95546.360000000001,,trade,e295d9d6-c07f-49e8-991f-7a57e1ce372f,0.00628
BINANCE:BTCUSDT,2024-12-02 19:04:33.082+0000,2024-12-02 19:04:35.397+0000,95546.360000000001,,trade,ac93b673-7031-40f1-a615-8dc7b713f669,0.00156
BINANCE:BTCUSDT,2024-12-02 19:04:33.084+0000,2024-12-02 19:04:35.397+0000,95546.360000000001,,trade,fa8e4388-803d-4ce1-8d78-bd3afdf9c6d9,0.00628
BINANCE:BTCUSDT,2024-12-02 19:04:33.085+0000,2024-12-02 19:04:35.397+0000,95546.360000000001,,trade,ff834d05-7c28-4ba3-99bd-00809304f914,0.00156
BINANCE:BTCUSDT,2024-12-02 19:04:33.090+0000,2024-12-02 19:04:35.397+0000,95546.360000000001,,trade,7888cc03-2431-4eee-b7c1-50be8947a2f1,0.006
BINANCE:BTCUSDT,2024-12-02 19:04:33.093+0000,2024-12-02 19:04:35.397+0000,95546.360000000001,,trade,f326f43b-e727-4751-ab60-fa38ae02444a,0.00628
BINANCE:BTCUSDT,2024-12-02 19:04:33.095+0000,2024-12-02 19:04:35.397+0000,95546.360000000001,,trade,90f3794a-7006-4b61-b1da-d44b1912579e,0.00628
BINANCE:BTCUSDT,2024-12-02 19:04:33.096+0000,2024-12-02 19:04:35.397+0000,95546.360000000001,,trade,dceef59a-719f-477a-b4b8-ceeac288c4b3,0.00628
BINANCE:BTCUSDT,2024-12-02 19:04:33.097+0000,2024-12-02 19:04:35.397+0000,95546.360000000001,,trade,bf4c586d-7b76-48ed-a9df-4bb4cdc14717,0.00628
BINANCE:BTCUSDT,2024-12-02 19:04:33.098+0000,2024-12-02 19:04:35.397+0000,95546.360000000001,,trade,a4b785be-3bf5-4378-83ed-b169eba6d722,0.00628
BINANCE:BTCUSDT,2024-12-02 19:04:33.099+0000,2024-12-02 19:04:35.397+0000,95546.360000000001,,trade,9ddd6607-cba7-4295-bdcb-5fc2a69eb0f7,0.00026
BINANCE:BTCUSDT,2024-12-02 19:04:33.101+0000,2024-12-02 19:04:35.397+0000,95546.360000000001,,trade,f17d320e-408a-404a-9541-fa585d80aca9,0.00026
BINANCE:BTCUSDT,2024-12-02 19:04:33.107+0000,2024-12-02 19:04:35.397+0000,95546.360000000001,,trade,edeb4100-60ae-421b-af11-cb1e7fc12e8d,0.00444
BINANCE:BTCUSDT,2024-12-02 19:04:33.111+0000,2024-12-02 19:04:35.397+0000,95546.360000000001,,trade,d8cdab4e-f098-4774-980a-40fdb6561f7d,0.00394
BINANCE:BTCUSDT,2024-12-02 19:04:33.115+0000,2024-12-02 19:04:35.397+0000,95546.360000000001,,trade,83f0071c-be35-43c6-9cf6-3e7e21909a11,0.00183
BINANCE:BTCUSDT,2024-12-02 19:04:33.144+0000,2024-12-02 19:04:35.397+0000,95545.229999999996,,trade,fb3cd4de-535f-4940-8a0f-03be9910094f,6e-05
BINANCE:BTCUSDT,2024-12-02 19:04:33.146+0000,2024-12-02 19:04:35.397+0000,95544.009999999995,,trade,dc20ebd1-0021-4fae-89cd-2c8eae8e4dd5,0.00266
BINANCE:BTCUSDT,2024-12-02 19:04:33.161+0000,2024-12-02 19:04:35.397+0000,95544,,trade,64bf20ba-f18f-476f-b827-06800e1c5d99,0.00099
BINANCE:BTCUSDT,2024-12-02 19:04:33.163+0000,2024-12-02 19:04:35.397+0000,95544.009999999995,,trade,4cc0052b-4dcc-4638-b879-849e1688ad99,0.00028
BINANCE:BTCUSDT,2024-12-02 19:04:33.197+0000,2024-12-02 19:04:35.397+0000,95543.559999999998,,trade,fec313b9-08ac-40e6-90b4-2ef44d0d62b3,8e-05
BINANCE:BTCUSDT,2024-12-02 19:04:33.198+0000,2024-12-02 19:04:35.397+0000,95542.960000000006,,trade,f207f1c3-2781-4dcd-ad04-58f7b990f00b,0.0002
BINANCE:BTCUSDT,2024-12-02 19:04:33.199+0000,2024-12-02 19:04:35.397+0000,95542.110000000001,,trade,f6573a4a-c60b-4a9f-9b7d-89878386633e,0.00266
BINANCE:BTCUSDT,2024-12-02 19:04:34.132+0000,2024-12-02 19:04:35.397+0000,95542.100000000006,,trade,8bd503b3-b2b6-41ed-b707-67cad7c195a3,0.0093
BINANCE:BTCUSDT,2024-12-02 19:04:34.156+0000,2024-12-02 19:04:35.397+0000,95542.100000000006,,trade,989fb224-b72f-4469-93de-50af02af2442,0.00038
BINANCE:BTCUSDT,2024-12-02 19:04:34.162+0000,2024-12-02 19:04:35.397+0000,95542.110000000001,,trade,f6fa8444-67b7-4ca2-a1d1-cab0ac6e57a9,0.00019
BINANCE:BTCUSDT,2024-12-02 19:04:34.516+0000,2024-12-02 19:04:40.008+0000,95542.100000000006,,trade,92c0babb-b277-4418-b699-8dafa3fd33d6,0.13349
BINANCE:BTCUSDT,2024-12-02 19:04:34.545+0000,2024-12-02 19:04:40.008+0000,95542.110000000001,,trade,8cb89765-2ac5-472e-aae8-8b9dc83c909c,0.00329
BINANCE:BTCUSDT,2024-12-02 19:04:34.570+0000,2024-12-02 19:04:40.008+0000,95542.110000000001,,trade,a8400f86-74ca-4a8e-9db5-ee089d987f56,0.00021
BINANCE:BTCUSDT,2024-12-02 19:04:34.790+0000,2024-12-02 19:04:35.397+0000,95542.110000000001,,trade,b5ed2ef2-cf49-42fc-ad3b-447d77766d0d,0.62042
BINANCE:BTCUSDT,2024-12-02 19:04:34.955+0000,2024-12-02 19:04:40.008+0000,95542.110000000001,,trade,de7b3663-164a-44fa-8f99-88eb74e3886c,0.0016
BINANCE:BTCUSDT,2024-12-02 19:04:34.961+0000,2024-12-02 19:04:40.008+0000,95542.110000000001,,trade,c71c3ff6-8b0f-4f26-a99d-d92cc0ddf810,0.0001
BINANCE:BTCUSDT,2024-12-02 19:04:35.050+0000,2024-12-02 19:04:40.008+0000,95542.100000000006,,trade,6a1c8664-6055-4860-ae16-f652afe4116b,0.00158
BINANCE:BTCUSDT,2024-12-02 19:04:35.054+0000,2024-12-02 19:04:40.008+0000,95542.110000000001,,trade,99f18e2d-73e7-4c85-8700-054e2a6729f6,0.05768
BINANCE:BTCUSDT,2024-12-02 19:04:35.064+0000,2024-12-02 19:04:40.008+0000,95542.100000000006,,trade,7e53b599-07e1-4924-8dc7-fe941b791690,0.00157
BINANCE:BTCUSDT,2024-12-02 19:04:35.190+0000,2024-12-02 19:04:40.008+0000,95542.110000000001,,trade,0353e616-5451-46fd-bd09-83e2b0daeba2,0.02092
BINANCE:BTCUSDT,2024-12-02 19:04:35.199+0000,2024-12-02 19:04:40.008+0000,95542.100000000006,,trade,9542017a-906f-4721-b0e4-5d5fc80e4066,0.03415
BINANCE:BTCUSDT,2024-12-02 19:04:35.304+0000,2024-12-02 19:04:40.008+0000,95542.100000000006,,trade,94f32ec5-7736-4a75-b8d6-97097a012434,0.00159
BINANCE:BTCUSDT,2024-12-02 19:04:35.382+0000,2024-12-02 19:04:40.008+0000,95542.110000000001,,trade,ab7cc2c8-6d0d-4d0f-8841-538b2b8c45ff,0.0093
BINANCE:BTCUSDT,2024-12-02 19:04:35.520+0000,2024-12-02 19:04:40.008+0000,95542.110000000001,,trade,77388c07-369c-433c-a4dc-9c376706b0eb,0.06475
BINANCE:BTCUSDT,2024-12-02 19:04:35.590+0000,2024-12-02 19:04:40.008+0000,95542.100000000006,,trade,aca0ea4b-194c-4701-8964-5975c1c3931a,0.0016
BINANCE:BTCUSDT,2024-12-02 19:04:35.647+0000,2024-12-02 19:04:40.008+0000,95542.100000000006,,trade,b4b32f7e-ee81-45a2-a87e-d4f4963e0d95,0.00052
BINANCE:BTCUSDT,2024-12-02 19:04:35.733+0000,2024-12-02 19:04:40.008+0000,95542.110000000001,,trade,2a8f8839-1e7a-461c-aae0-63005d93d4da,0.00158
BINANCE:BTCUSDT,2024-12-02 19:04:36.074+0000,2024-12-02 19:04:40.008+0000,95542.110000000001,,trade,39ef3d25-5170-42c9-8d39-4b156683bc8b,0.00212
BINANCE:BTCUSDT,2024-12-02 19:04:36.648+0000,2024-12-02 19:04:40.008+0000,95542.100000000006,,trade,957d1343-1906-42bd-b37a-533a4222f702,0.0093
BINANCE:BTCUSDT,2024-12-02 19:04:36.652+0000,2024-12-02 19:04:40.008+0000,95542.100000000006,,trade,f8eb89b8-fa36-4f19-a17a-093c742d7dd8,0.0001
BINANCE:BTCUSDT,2024-12-02 19:04:36.704+0000,2024-12-02 19:04:40.008+0000,95542.100000000006,,trade,fdb2920a-1acc-4d23-9136-e7a1a9877c44,0.12584
