symbol,trade_ts,price,trade_conditions,type,volume,price_anomaly,volume_anomaly
BINANCE:BTCUSDT,2024-12-06 20:15:19.022+0000,101655.99,,trade,0.0002,0.0,0.0
BINANCE:BTCUSDT,2024-12-06 20:15:19.454+0000,101655.99,,trade,0.00494,0.0,0.0
BINANCE:BTCUSDT,2024-12-06 20:15:19.501+0000,101655.99,,trade,0.00245,0.0,0.0
BINANCE:BTCUSDT,2024-12-06 20:15:19.919+0000,101660.85,,trade,0.01967,0.0,0.0
BINANCE:BTCUSDT,2024-12-06 20:15:19.921+0000,101662.23,,trade,6e-05,0.0,0.0
BINANCE:BTCUSDT,2024-12-06 20:15:19.923+0000,101664.0,,trade,0.00216,0.0,0.0
BINANCE:BTCUSDT,2024-12-06 20:15:19.924+0000,101664.0,,trade,0.00131,0.0,1.0
BINANCE:BTCUSDT,2024-12-06 20:15:19.930+0000,101664.0,,trade,0.0002,0.0,0.0
BINANCE:BTCUSDT,2024-12-06 20:15:19.954+0000,101665.39,,trade,0.0628,0.0,0.0
BINANCE:BTCUSDT,2024-12-06 20:15:19.956+0000,101664.87,,trade,0.03582,1.0,1.0
BINANCE:BTCUSDT,2024-12-06 20:15:20.179+0000,101666.16,,trade,0.00096,0.0,0.0
BINANCE:BTCUSDT,2024-12-06 20:15:20.680+0000,101666.15,,trade,0.00522,0.0,0.0
BINANCE:BTCUSDT,2024-12-06 20:15:20.849+0000,101666.16,,trade,0.0001,0.0,0.0
BINANCE:BTCUSDT,2024-12-06 20:15:20.850+0000,101666.16,,trade,0.0026,0.0,0.0
BINANCE:BTCUSDT,2024-12-06 20:15:21.163+0000,101666.15,,trade,0.00173,0.0,1.0
BINANCE:BTCUSDT,2024-12-06 20:15:21.322+0000,101666.16,,trade,0.00291,0.0,1.0
BINANCE:BTCUSDT,2024-12-06 20:15:21.358+0000,101666.15,,trade,0.00035,0.0,0.0
BINANCE:BTCUSDT,2024-12-06 20:15:21.688+0000,101666.16,,trade,0.0001,0.0,0.0
BINANCE:BTCUSDT,2024-12-06 20:15:21.725+0000,101666.16,,trade,0.00022,0.0,0.0
BINANCE:BTCUSDT,2024-12-06 20:15:21.936+0000,101666.15,,trade,0.00034,0.0,1.0
BINANCE:BTCUSDT,2024-12-06 20:15:22.010+0000,101666.16,,trade,0.00031,0.0,0.0
BINANCE:BTCUSDT,2024-12-06 20:15:22.889+0000,101666.15,,trade,0.00122,0.0,0.0
BINANCE:BTCUSDT,2024-12-06 20:15:22.946+0000,101666.16,,trade,0.00013,0.0,0.0
BINANCE:BTCUSDT,2024-12-06 20:15:23.593+0000,101666.15,,trade,0.05448,0.0,0.0
BINANCE:BTCUSDT,2024-12-06 20:15:23.640+0000,101666.16,,trade,9e-05,0.0,0.0
BINANCE:BTCUSDT,2024-12-06 20:15:23.917+0000,101666.15,,trade,0.00037,0.0,1.0
BINANCE:BTCUSDT,2024-12-06 20:15:24.049+0000,101666.16,,trade,0.00069,0.0,0.0
BINANCE:BTCUSDT,2024-12-06 20:15:24.129+0000,101666.16,,trade,0.00027,0.0,0.0
BINANCE:BTCUSDT,2024-12-06 20:15:24.501+0000,101666.15,,trade,0.00067,0.0,0.0
BINANCE:BTCUSDT,2024-12-06 20:15:24.568+0000,101666.16,,trade,0.001,0.0,0.0
BINANCE:BTCUSDT,2024-12-06 20:15:24.602+0000,101666.15,,trade,0.00983,0.0,0.0
BINANCE:BTCUSDT,2024-12-06 20:15:24.747+0000,101666.16,,trade,0.00491,0.0,1.0
BINANCE:BTCUSDT,2024-12-06 20:15:24.913+0000,101666.16,,trade,6e-05,0.0,0.0
BINANCE:BTCUSDT,2024-12-06 20:15:25.094+0000,101666.15,,trade,0.1941,0.0,0.0
BINANCE:BTCUSDT,2024-12-06 20:15:25.133+0000,101665.85,,trade,0.1996,1.0,0.0
BINANCE:BTCUSDT,2024-12-06 20:15:25.272+0000,101666.15,,trade,0.00028,0.0,0.0
BINANCE:BTCUSDT,2024-12-06 20:15:25.339+0000,101666.16,,trade,0.00259,0.0,1.0
BINANCE:BTCUSDT,2024-12-06 20:15:25.609+0000,101666.15,,trade,0.00534,0.0,0.0
BINANCE:BTCUSDT,2024-12-06 20:15:25.761+0000,101666.15,,trade,0.00537,0.0,0.0
BINANCE:BTCUSDT,2024-12-06 20:15:25.864+0000,101666.16,,trade,0.00012,0.0,0.0
BINANCE:BTCUSDT,2024-12-06 20:15:26.151+0000,101662.88,,trade,0.00336,1.0,0.0
BINANCE:BTCUSDT,2024-12-06 20:15:26.233+0000,101665.12,,trade,7e-05,1.0,0.0
BINANCE:BTCUSDT,2024-12-06 20:15:26.434+0000,101666.64,,trade,0.00025,1.0,0.0
BINANCE:BTCUSDT,2024-12-06 20:15:26.467+0000,101666.15,,trade,0.00983,0.0,0.0
BINANCE:BTCUSDT,2024-12-06 20:15:26.598+0000,101662.56,,trade,0.039,1.0,0.0
BINANCE:BTCUSDT,2024-12-06 20:15:26.778+0000,101669.47,,trade,0.00567,1.0,0.0
BINANCE:BTCUSDT,2024-12-06 20:15:27.052+0000,101666.15,,trade,0.00445,0.0,0.0
BINANCE:BTCUSDT,2024-12-06 20:15:27.724+0000,101666.15,,trade,0.00509,0.0,0.0
BINANCE:BTCUSDT,2024-12-06 20:15:28.100+0000,101666.15,,trade,0.12811,0.0,0.0
BINANCE:BTCUSDT,2024-12-06 20:15:28.524+0000,101666.15,,trade,0.00025,0.0,0.0
BINANCE:BTCUSDT,2024-12-06 20:15:28.571+0000,101666.15,,trade,7e-05,0.0,0.0
BINANCE:BTCUSDT,2024-12-06 20:15:29.082+0000,101666.16,,trade,0.00434,0.0,1.0
BINANCE:BTCUSDT,2024-12-06 20:15:29.574+0000,101666.15,,trade,0.00669,0.0,0.0
BINANCE:BTCUSDT,2024-12-06 20:15:29.586+0000,101666.15,,trade,0.01063,0.0,0.0
BINANCE:BTCUSDT,2024-12-06 20:15:29.602+0000,101666.15,,trade,0.0712,0.0,0.0
BINANCE:BTCUSDT,2024-12-06 20:15:29.859+0000,101666.15,,trade,0.00023,0.0,0.0
BINANCE:BTCUSDT,2024-12-06 20:15:30.246+0000,101666.15,,trade,0.00078,0.0,0.0
BINANCE:BTCUSDT,2024-12-06 20:15:30.697+0000,101666.15,,trade,0.00041,0.0,0.0
BINANCE:BTCUSDT,2024-12-06 20:15:30.828+0000,101666.15,,trade,0.00034,0.0,0.0
BINANCE:BTCUSDT,2024-12-06 20:15:30.855+0000,101666.15,,trade,0.00026,0.0,1.0
BINANCE:BTCUSDT,2024-12-06 20:15:30.859+0000,101666.16,,trade,7e-05,0.0,0.0
BINANCE:BTCUSDT,2024-12-06 20:15:31.026+0000,101666.16,,trade,0.02158,0.0,0.0
BINANCE:BTCUSDT,2024-12-06 20:15:31.156+0000,101666.15,,trade,0.00262,0.0,0.0
BINANCE:BTCUSDT,2024-12-06 20:15:31.297+0000,101666.16,,trade,0.00339,0.0,0.0
BINANCE:BTCUSDT,2024-12-06 20:15:31.426+0000,101666.16,,trade,0.00468,0.0,0.0
BINANCE:BTCUSDT,2024-12-06 20:15:31.467+0000,101666.15,,trade,0.00085,0.0,0.0
BINANCE:BTCUSDT,2024-12-06 20:15:31.664+0000,101666.15,,trade,0.00017,0.0,0.0
BINANCE:BTCUSDT,2024-12-06 20:15:31.895+0000,101666.15,,trade,0.0022,0.0,0.0
BINANCE:BTCUSDT,2024-12-06 20:15:32.058+0000,101666.15,,trade,0.001,0.0,0.0
BINANCE:BTCUSDT,2024-12-06 20:15:32.764+0000,101666.15,,trade,0.00012,0.0,0.0
BINANCE:BTCUSDT,2024-12-06 20:15:33.067+0000,101666.16,,trade,0.00182,0.0,0.0
BINANCE:BTCUSDT,2024-12-06 20:15:33.285+0000,101666.15,,trade,0.00248,0.0,0.0
BINANCE:BTCUSDT,2024-12-06 20:15:33.394+0000,101666.15,,trade,0.01893,0.0,0.0
BINANCE:BTCUSDT,2024-12-06 20:15:34.328+0000,101666.15,,trade,0.00027,0.0,0.0
BINANCE:BTCUSDT,2024-12-06 20:15:34.583+0000,101666.15,,trade,7e-05,0.0,0.0
BINANCE:BTCUSDT,2024-12-06 20:15:34.640+0000,101666.15,,trade,0.01073,0.0,0.0
BINANCE:BTCUSDT,2024-12-06 20:15:34.852+0000,101666.15,,trade,0.01589,0.0,1.0
BINANCE:BTCUSDT,2024-12-06 20:15:34.895+0000,101666.15,,trade,0.0344,0.0,0.0
BINANCE:BTCUSDT,2024-12-06 20:15:34.959+0000,101669.42,,trade,0.02147,1.0,1.0
BINANCE:BTCUSDT,2024-12-06 20:15:35.077+0000,101666.15,,trade,0.00019,0.0,0.0
BINANCE:BTCUSDT,2024-12-06 20:15:35.225+0000,101666.15,,trade,0.01755,0.0,0.0
BINANCE:BTCUSDT,2024-12-06 20:15:35.249+0000,101667.12,,trade,6e-05,1.0,0.0
BINANCE:BTCUSDT,2024-12-06 20:15:36.022+0000,101666.16,,trade,0.0005,0.0,0.0
BINANCE:BTCUSDT,2024-12-06 20:15:36.394+0000,101666.15,,trade,0.0183,0.0,0.0
BINANCE:BTCUSDT,2024-12-06 20:15:36.520+0000,101666.46,,trade,0.00269,1.0,0.0
BINANCE:BTCUSDT,2024-12-06 20:15:36.684+0000,101666.56,,trade,0.00056,1.0,0.0
BINANCE:BTCUSDT,2024-12-06 20:15:36.706+0000,101666.15,,trade,0.00082,0.0,0.0
BINANCE:BTCUSDT,2024-12-06 20:15:37.039+0000,101666.15,,trade,0.00019,0.0,0.0
BINANCE:BTCUSDT,2024-12-06 20:15:37.393+0000,101666.16,,trade,0.00026,0.0,0.0
BINANCE:BTCUSDT,2024-12-06 20:15:37.401+0000,101666.16,,trade,0.0006,0.0,0.0
BINANCE:BTCUSDT,2024-12-06 20:15:37.403+0000,101666.16,,trade,0.00353,0.0,0.0
BINANCE:BTCUSDT,2024-12-06 20:15:37.407+0000,101666.16,,trade,0.0018,0.0,1.0
BINANCE:BTCUSDT,2024-12-06 20:15:37.412+0000,101666.16,,trade,0.0006,0.0,0.0
BINANCE:BTCUSDT,2024-12-06 20:15:37.414+0000,101666.16,,trade,0.00423,0.0,0.0
BINANCE:BTCUSDT,2024-12-06 20:15:37.844+0000,101666.15,,trade,0.00295,0.0,0.0
BINANCE:BTCUSDT,2024-12-06 20:15:37.977+0000,101666.04,,trade,0.00315,1.0,1.0
BINANCE:BTCUSDT,2024-12-06 20:15:38.429+0000,101666.6,,trade,0.00196,1.0,0.0
BINANCE:BTCUSDT,2024-12-06 20:15:38.605+0000,101666.16,,trade,0.00226,0.0,0.0
BINANCE:BTCUSDT,2024-12-06 20:15:39.363+0000,101666.15,,trade,0.00428,0.0,0.0
BINANCE:BTCUSDT,2024-12-06 20:15:39.400+0000,101666.16,,trade,0.00019,0.0,0.0
BINANCE:BTCUSDT,2024-12-06 20:15:39.533+0000,101666.16,,trade,0.00168,0.0,1.0
BINANCE:BTCUSDT,2024-12-06 20:15:39.548+0000,101666.15,,trade,0.00288,0.0,0.0
BINANCE:BTCUSDT,2024-12-06 20:15:39.773+0000,101666.15,,trade,0.00011,0.0,0.0
BINANCE:BTCUSDT,2024-12-06 20:15:39.783+0000,101666.15,,trade,0.00114,0.0,0.0
BINANCE:BTCUSDT,2024-12-06 20:15:39.886+0000,101666.15,,trade,0.00458,0.0,0.0
BINANCE:BTCUSDT,2024-12-06 20:15:40.291+0000,101666.16,,trade,0.05654,0.0,0.0
BINANCE:BTCUSDT,2024-12-06 20:15:40.567+0000,101666.15,,trade,0.00029,0.0,0.0
BINANCE:BTCUSDT,2024-12-06 20:15:40.606+0000,101666.16,,trade,0.1157,0.0,0.0
BINANCE:BTCUSDT,2024-12-06 20:15:40.607+0000,101666.16,,trade,0.05553,0.0,0.0
BINANCE:BTCUSDT,2024-12-06 20:15:40.608+0000,101671.37,,trade,0.00987,1.0,0.0
BINANCE:BTCUSDT,2024-12-06 20:15:40.610+0000,101667.85,,trade,0.01244,0.0,0.0
BINANCE:BTCUSDT,2024-12-06 20:15:40.622+0000,101667.84,,trade,0.0001,0.0,0.0
BINANCE:BTCUSDT,2024-12-06 20:15:40.639+0000,101668.67,,trade,8e-05,0.0,0.0
BINANCE:BTCUSDT,2024-12-06 20:15:40.640+0000,101668.68,,trade,0.00398,0.0,0.0
BINANCE:BTCUSDT,2024-12-06 20:15:40.642+0000,101668.68,,trade,0.024,0.0,0.0
BINANCE:BTCUSDT,2024-12-06 20:15:40.788+0000,101668.67,,trade,0.0008,0.0,0.0
BINANCE:BTCUSDT,2024-12-06 20:15:41.680+0000,101668.68,,trade,0.00303,0.0,0.0
BINANCE:BTCUSDT,2024-12-06 20:15:41.758+0000,101668.68,,trade,0.00045,0.0,0.0
BINANCE:BTCUSDT,2024-12-06 20:15:41.920+0000,101668.67,,trade,0.00022,0.0,0.0
BINANCE:BTCUSDT,2024-12-06 20:15:41.949+0000,101668.68,,trade,0.00029,0.0,0.0
BINANCE:BTCUSDT,2024-12-06 20:15:42.353+0000,101668.67,,trade,0.01204,0.0,0.0
BINANCE:BTCUSDT,2024-12-06 20:15:42.366+0000,101668.67,,trade,0.00527,0.0,0.0
BINANCE:BTCUSDT,2024-12-06 20:15:42.381+0000,101670.65,,trade,0.0009,1.0,0.0
BINANCE:BTCUSDT,2024-12-06 20:15:42.466+0000,101668.67,,trade,0.00097,0.0,0.0
BINANCE:BTCUSDT,2024-12-06 20:15:42.684+0000,101668.67,,trade,0.0006,0.0,0.0
BINANCE:BTCUSDT,2024-12-06 20:15:42.771+0000,101668.68,,trade,0.00165,0.0,0.0
BINANCE:BTCUSDT,2024-12-06 20:15:42.849+0000,101668.67,,trade,0.00012,0.0,0.0
BINANCE:BTCUSDT,2024-12-06 20:15:42.857+0000,101668.68,,trade,0.00092,0.0,0.0
BINANCE:BTCUSDT,2024-12-06 20:15:42.907+0000,101668.67,,trade,0.00387,0.0,0.0
BINANCE:BTCUSDT,2024-12-06 20:15:43.209+0000,101668.68,,trade,0.00012,0.0,0.0
BINANCE:BTCUSDT,2024-12-06 20:15:43.347+0000,101668.67,,trade,0.00886,0.0,0.0
BINANCE:BTCUSDT,2024-12-06 20:15:43.867+0000,101668.67,,trade,0.00354,0.0,0.0
BINANCE:BTCUSDT,2024-12-06 20:15:44.167+0000,101668.67,,trade,0.00024,0.0,0.0
BINANCE:BTCUSDT,2024-12-06 20:15:44.172+0000,101668.68,,trade,0.02711,0.0,0.0
BINANCE:BTCUSDT,2024-12-06 20:15:44.261+0000,101668.68,,trade,0.00393,0.0,0.0
BINANCE:BTCUSDT,2024-12-06 20:15:44.322+0000,101668.67,,trade,0.00027,0.0,0.0
BINANCE:BTCUSDT,2024-12-06 20:15:45.027+0000,101665.51,,trade,6e-05,1.0,0.0
BINANCE:BTCUSDT,2024-12-06 20:15:45.384+0000,101668.67,,trade,0.00071,0.0,0.0
BINANCE:BTCUSDT,2024-12-06 20:15:45.422+0000,101668.67,,trade,8e-05,0.0,0.0
BINANCE:BTCUSDT,2024-12-06 20:15:45.437+0000,101668.67,,trade,0.00229,0.0,0.0
BINANCE:BTCUSDT,2024-12-06 20:15:45.571+0000,101668.67,,trade,0.00158,0.0,0.0
BINANCE:BTCUSDT,2024-12-06 20:15:45.683+0000,101668.68,,trade,0.00065,0.0,0.0
BINANCE:BTCUSDT,2024-12-06 20:15:46.187+0000,101668.67,,trade,0.00033,0.0,0.0
BINANCE:BTCUSDT,2024-12-06 20:15:46.287+0000,101668.68,,trade,6e-05,0.0,0.0
BINANCE:BTCUSDT,2024-12-06 20:15:46.315+0000,101668.67,,trade,0.19635,0.0,0.0
BINANCE:BTCUSDT,2024-12-06 20:15:46.316+0000,101667.36,,trade,0.06767,0.0,0.0
BINANCE:BTCUSDT,2024-12-06 20:15:46.317+0000,101665.45,,trade,0.05558,1.0,0.0
BINANCE:BTCUSDT,2024-12-06 20:15:46.318+0000,101667.35,,trade,0.00025,0.0,0.0
BINANCE:BTCUSDT,2024-12-06 20:15:46.322+0000,101668.25,,trade,0.00186,1.0,0.0
BINANCE:BTCUSDT,2024-12-06 20:15:46.424+0000,101666.15,,trade,0.00097,0.0,0.0
BINANCE:BTCUSDT,2024-12-06 20:15:46.434+0000,101666.15,,trade,0.01314,0.0,0.0
BINANCE:BTCUSDT,2024-12-06 20:15:46.435+0000,101665.5,,trade,0.00035,0.0,0.0
BINANCE:BTCUSDT,2024-12-06 20:15:46.437+0000,101662.23,,trade,0.00025,0.0,0.0
BINANCE:BTCUSDT,2024-12-06 20:15:46.438+0000,101662.22,,trade,0.00025,0.0,0.0
BINANCE:BTCUSDT,2024-12-06 20:15:46.440+0000,101660.01,,trade,6e-05,0.0,0.0
BINANCE:BTCUSDT,2024-12-06 20:15:46.441+0000,101660.01,,trade,0.01244,0.0,0.0
BINANCE:BTCUSDT,2024-12-06 20:15:46.444+0000,101657.85,,trade,0.001,0.0,0.0
BINANCE:BTCUSDT,2024-12-06 20:15:46.573+0000,101656.57,,trade,0.00783,0.0,0.0
BINANCE:BTCUSDT,2024-12-06 20:15:46.635+0000,101656.0,,trade,0.0005,0.0,0.0
BINANCE:BTCUSDT,2024-12-06 20:15:46.665+0000,101656.01,,trade,0.001,0.0,0.0
BINANCE:BTCUSDT,2024-12-06 20:15:46.925+0000,101656.0,,trade,0.00233,0.0,0.0
BINANCE:BTCUSDT,2024-12-06 20:15:46.938+0000,101656.0,,trade,0.00428,0.0,0.0
BINANCE:BTCUSDT,2024-12-06 20:15:47.408+0000,101656.01,,trade,0.00012,0.0,0.0
BINANCE:BTCUSDT,2024-12-06 20:15:47.536+0000,101656.0,,trade,0.0017,0.0,0.0
BINANCE:BTCUSDT,2024-12-06 20:15:47.539+0000,101656.01,,trade,0.00021,0.0,0.0
BINANCE:BTCUSDT,2024-12-06 20:15:47.680+0000,101656.01,,trade,0.00661,0.0,0.0
BINANCE:BTCUSDT,2024-12-06 20:15:47.734+0000,101656.0,,trade,0.01068,0.0,0.0
BINANCE:BTCUSDT,2024-12-06 20:15:47.742+0000,101656.0,,trade,0.02533,0.0,1.0
BINANCE:BTCUSDT,2024-12-06 20:15:47.747+0000,101656.0,,trade,0.02953,0.0,0.0
BINANCE:BTCUSDT,2024-12-06 20:15:47.752+0000,101656.0,,trade,0.00328,0.0,0.0
BINANCE:BTCUSDT,2024-12-06 20:15:47.756+0000,101656.0,,trade,0.02792,0.0,0.0
BINANCE:BTCUSDT,2024-12-06 20:15:47.850+0000,101656.0,,trade,0.01279,0.0,1.0
BINANCE:BTCUSDT,2024-12-06 20:15:48.040+0000,101656.01,,trade,0.00015,0.0,0.0
BINANCE:BTCUSDT,2024-12-06 20:15:48.120+0000,101656.01,,trade,0.00013,0.0,0.0
BINANCE:BTCUSDT,2024-12-06 20:15:48.210+0000,101656.0,,trade,0.00014,0.0,1.0
BINANCE:BTCUSDT,2024-12-06 20:15:48.249+0000,101656.01,,trade,0.00019,0.0,0.0
BINANCE:BTCUSDT,2024-12-06 20:15:48.298+0000,101656.01,,trade,0.27349,0.0,0.0
BINANCE:BTCUSDT,2024-12-06 20:15:48.367+0000,101656.0,,trade,0.00012,0.0,0.0
BINANCE:BTCUSDT,2024-12-06 20:15:48.421+0000,101656.0,,trade,1.99999,0.0,0.0
BINANCE:BTCUSDT,2024-12-06 20:15:48.423+0000,101656.0,,trade,6e-05,0.0,0.0
BINANCE:BTCUSDT,2024-12-06 20:15:48.424+0000,101655.99,,trade,0.04672,0.0,0.0
BINANCE:BTCUSDT,2024-12-06 20:15:48.426+0000,101652.0,,trade,0.11198,0.0,0.0
BINANCE:BTCUSDT,2024-12-06 20:15:48.431+0000,101650.83,,trade,0.00025,0.0,0.0
BINANCE:BTCUSDT,2024-12-06 20:15:48.445+0000,101650.01,,trade,0.0002,0.0,1.0
BINANCE:BTCUSDT,2024-12-06 20:15:48.448+0000,101648.01,,trade,8e-05,0.0,0.0
BINANCE:BTCUSDT,2024-12-06 20:15:48.451+0000,101647.05,,trade,0.00025,0.0,0.0
BINANCE:BTCUSDT,2024-12-06 20:15:48.471+0000,101647.05,,trade,0.00025,0.0,1.0
BINANCE:BTCUSDT,2024-12-06 20:15:48.671+0000,101647.05,,trade,0.00019,0.0,0.0
BINANCE:BTCUSDT,2024-12-06 20:15:48.782+0000,101644.65,,trade,5e-05,1.0,0.0
BINANCE:BTCUSDT,2024-12-06 20:15:48.787+0000,101646.81,,trade,6e-05,0.0,0.0
BINANCE:BTCUSDT,2024-12-06 20:15:48.971+0000,101644.01,,trade,0.00025,0.0,0.0
BINANCE:BTCUSDT,2024-12-06 20:15:49.287+0000,101644.01,,trade,0.00029,0.0,0.0
BINANCE:BTCUSDT,2024-12-06 20:15:49.290+0000,101644.01,,trade,0.0006,0.0,0.0
BINANCE:BTCUSDT,2024-12-06 20:15:49.635+0000,101644.0,,trade,0.0113,0.0,0.0
BINANCE:BTCUSDT,2024-12-06 20:15:49.736+0000,101644.0,,trade,0.00245,0.0,0.0
BINANCE:BTCUSDT,2024-12-06 20:15:49.958+0000,101644.0,,trade,0.00398,0.0,0.0
BINANCE:BTCUSDT,2024-12-06 20:15:50.159+0000,101644.0,,trade,0.04507,0.0,0.0
BINANCE:BTCUSDT,2024-12-06 20:15:50.214+0000,101644.01,,trade,0.0005,0.0,0.0
BINANCE:BTCUSDT,2024-12-06 20:15:50.284+0000,101644.0,,trade,0.44937,0.0,0.0
BINANCE:BTCUSDT,2024-12-06 20:15:50.446+0000,101640.32,,trade,0.00025,0.0,0.0
BINANCE:BTCUSDT,2024-12-06 20:15:50.448+0000,101640.01,,trade,0.00204,0.0,0.0
BINANCE:BTCUSDT,2024-12-06 20:15:50.449+0000,101640.0,,trade,0.00182,0.0,1.0
BINANCE:BTCUSDT,2024-12-06 20:15:50.472+0000,101640.01,,trade,0.00076,0.0,0.0
BINANCE:BTCUSDT,2024-12-06 20:15:50.474+0000,101640.01,,trade,0.00058,0.0,1.0
BINANCE:BTCUSDT,2024-12-06 20:15:50.528+0000,101640.01,,trade,0.00063,0.0,0.0
BINANCE:BTCUSDT,2024-12-06 20:15:50.584+0000,101640.01,,trade,0.00063,0.0,0.0
BINANCE:BTCUSDT,2024-12-06 20:15:50.631+0000,101640.01,,trade,0.00063,0.0,0.0
BINANCE:BTCUSDT,2024-12-06 20:15:50.635+0000,101640.0,,trade,0.00033,0.0,1.0
BINANCE:BTCUSDT,2024-12-06 20:15:50.684+0000,101640.01,,trade,0.00014,0.0,0.0
BINANCE:BTCUSDT,2024-12-06 20:15:50.902+0000,101640.0,,trade,0.00012,0.0,0.0
BINANCE:BTCUSDT,2024-12-06 20:15:51.209+0000,101640.01,,trade,0.00035,0.0,0.0
BINANCE:BTCUSDT,2024-12-06 20:15:51.210+0000,101640.01,,trade,0.00012,0.0,0.0
BINANCE:BTCUSDT,2024-12-06 20:15:51.282+0000,101640.01,,trade,0.00431,0.0,1.0
BINANCE:BTCUSDT,2024-12-06 20:15:51.484+0000,101640.0,,trade,0.01048,0.0,0.0
BINANCE:BTCUSDT,2024-12-06 20:15:51.485+0000,101640.0,,trade,0.00147,0.0,0.0
BINANCE:BTCUSDT,2024-12-06 20:15:51.734+0000,101640.0,,trade,0.001,0.0,0.0
BINANCE:BTCUSDT,2024-12-06 20:15:51.958+0000,101640.01,,trade,0.02156,0.0,1.0
BINANCE:BTCUSDT,2024-12-06 20:15:52.013+0000,101640.01,,trade,0.03442,0.0,0.0
BINANCE:BTCUSDT,2024-12-06 20:15:52.249+0000,101640.01,,trade,0.01255,0.0,1.0
BINANCE:BTCUSDT,2024-12-06 20:15:52.680+0000,101640.01,,trade,0.00051,0.0,0.0
BINANCE:BTCUSDT,2024-12-06 20:15:52.693+0000,101640.01,,trade,8e-05,0.0,0.0
BINANCE:BTCUSDT,2024-12-06 20:15:52.734+0000,101638.5,,trade,0.001,1.0,0.0
BINANCE:BTCUSDT,2024-12-06 20:15:53.477+0000,101640.01,,trade,0.00012,0.0,0.0
BINANCE:BTCUSDT,2024-12-06 20:15:53.485+0000,101640.01,,trade,0.0002,0.0,0.0
BINANCE:BTCUSDT,2024-12-06 20:15:53.486+0000,101640.01,,trade,0.0006,0.0,0.0
BINANCE:BTCUSDT,2024-12-06 20:15:53.614+0000,101640.0,,trade,0.00097,0.0,0.0
BINANCE:BTCUSDT,2024-12-06 20:15:53.735+0000,101640.0,,trade,0.0148,0.0,0.0
BINANCE:BTCUSDT,2024-12-06 20:15:53.997+0000,101640.0,,trade,0.00229,0.0,0.0
BINANCE:BTCUSDT,2024-12-06 20:15:54.105+0000,101640.0,,trade,0.00049,0.0,0.0
BINANCE:BTCUSDT,2024-12-06 20:15:54.275+0000,101640.01,,trade,0.00013,0.0,0.0
BINANCE:BTCUSDT,2024-12-06 20:15:54.820+0000,101640.01,,trade,0.00045,0.0,0.0
BINANCE:BTCUSDT,2024-12-06 20:15:54.931+0000,101640.0,,trade,0.00175,0.0,0.0
BINANCE:BTCUSDT,2024-12-06 20:15:55.002+0000,101640.01,,trade,0.00012,0.0,0.0
BINANCE:BTCUSDT,2024-12-06 20:15:55.070+0000,101640.0,,trade,0.00036,0.0,0.0
BINANCE:BTCUSDT,2024-12-06 20:15:55.249+0000,101640.0,,trade,0.00013,0.0,0.0
BINANCE:BTCUSDT,2024-12-06 20:15:55.587+0000,101640.01,,trade,0.01068,0.0,0.0
BINANCE:BTCUSDT,2024-12-06 20:15:55.686+0000,101640.01,,trade,0.00016,0.0,0.0
BINANCE:BTCUSDT,2024-12-06 20:15:55.692+0000,101640.01,,trade,0.00562,0.0,0.0
BINANCE:BTCUSDT,2024-12-06 20:15:55.778+0000,101640.01,,trade,0.00013,0.0,0.0
BINANCE:BTCUSDT,2024-12-06 20:15:55.951+0000,101640.01,,trade,0.0001,0.0,1.0
BINANCE:BTCUSDT,2024-12-06 20:15:56.494+0000,101640.01,,trade,0.00012,0.0,0.0
BINANCE:BTCUSDT,2024-12-06 20:15:56.517+0000,101640.0,,trade,0.00033,0.0,0.0
BINANCE:BTCUSDT,2024-12-06 20:15:56.781+0000,101642.53,,trade,0.00082,1.0,0.0
BINANCE:BTCUSDT,2024-12-06 20:15:56.815+0000,101640.01,,trade,0.04407,0.0,0.0
BINANCE:BTCUSDT,2024-12-06 20:15:57.274+0000,101640.0,,trade,0.00104,0.0,0.0
BINANCE:BTCUSDT,2024-12-06 20:15:57.314+0000,101640.01,,trade,0.00012,0.0,0.0
BINANCE:BTCUSDT,2024-12-06 20:15:57.396+0000,101639.88,,trade,0.00211,1.0,0.0
BINANCE:BTCUSDT,2024-12-06 20:15:57.617+0000,101638.87,,trade,8e-05,0.0,0.0
BINANCE:BTCUSDT,2024-12-06 20:15:57.621+0000,101638.87,,trade,0.00402,0.0,0.0
BINANCE:BTCUSDT,2024-12-06 20:15:57.634+0000,101636.9,,trade,8e-05,0.0,0.0
BINANCE:BTCUSDT,2024-12-06 20:15:57.636+0000,101636.0,,trade,0.00166,0.0,0.0
BINANCE:BTCUSDT,2024-12-06 20:15:57.637+0000,101636.01,,trade,0.00077,0.0,0.0
BINANCE:BTCUSDT,2024-12-06 20:15:57.653+0000,101635.66,,trade,0.003,0.0,0.0
BINANCE:BTCUSDT,2024-12-06 20:15:57.655+0000,101632.01,,trade,0.00253,0.0,1.0
BINANCE:BTCUSDT,2024-12-06 20:15:57.675+0000,101632.01,,trade,0.0003,0.0,1.0
BINANCE:BTCUSDT,2024-12-06 20:15:57.717+0000,101631.42,,trade,8e-05,0.0,0.0
BINANCE:BTCUSDT,2024-12-06 20:15:57.888+0000,101631.42,,trade,0.00312,0.0,0.0
BINANCE:BTCUSDT,2024-12-06 20:15:58.147+0000,101631.42,,trade,0.00013,0.0,0.0
BINANCE:BTCUSDT,2024-12-06 20:15:58.154+0000,101631.41,,trade,0.00021,0.0,0.0
BINANCE:BTCUSDT,2024-12-06 20:15:58.249+0000,101631.41,,trade,0.00095,0.0,0.0
BINANCE:BTCUSDT,2024-12-06 20:15:58.287+0000,101631.42,,trade,0.00117,0.0,1.0
BINANCE:BTCUSDT,2024-12-06 20:15:58.782+0000,101631.42,,trade,0.00107,0.0,0.0
BINANCE:BTCUSDT,2024-12-06 20:15:58.863+0000,101631.41,,trade,0.16959,0.0,0.0
BINANCE:BTCUSDT,2024-12-06 20:15:58.873+0000,101629.98,,trade,6e-05,0.0,0.0
BINANCE:BTCUSDT,2024-12-06 20:15:58.966+0000,101629.97,,trade,0.00095,0.0,0.0
BINANCE:BTCUSDT,2024-12-06 20:15:59.218+0000,101629.98,,trade,7e-05,0.0,0.0
BINANCE:BTCUSDT,2024-12-06 20:15:59.357+0000,101629.97,,trade,9e-05,0.0,0.0
BINANCE:BTCUSDT,2024-12-06 20:15:59.367+0000,101629.98,,trade,0.00565,0.0,0.0
BINANCE:BTCUSDT,2024-12-06 20:15:59.395+0000,101629.97,,trade,0.00215,0.0,1.0
BINANCE:BTCUSDT,2024-12-06 20:15:59.650+0000,101629.97,,trade,0.00039,0.0,0.0
BINANCE:BTCUSDT,2024-12-06 20:15:59.920+0000,101629.98,,trade,0.0001,0.0,0.0
BINANCE:BTCUSDT,2024-12-06 20:15:59.991+0000,101629.97,,trade,0.00015,0.0,0.0
BINANCE:BTCUSDT,2024-12-06 20:16:00.221+0000,101629.98,,trade,0.00049,0.0,0.0
BINANCE:BTCUSDT,2024-12-06 20:16:00.263+0000,101629.98,,trade,0.00336,0.0,0.0
BINANCE:BTCUSDT,2024-12-06 20:16:00.320+0000,101629.98,,trade,0.0001,0.0,0.0
BINANCE:BTCUSDT,2024-12-06 20:16:00.393+0000,101629.98,,trade,0.00088,0.0,0.0
BINANCE:BTCUSDT,2024-12-06 20:16:00.490+0000,101629.97,,trade,0.0001,0.0,0.0
BINANCE:BTCUSDT,2024-12-06 20:16:00.682+0000,101631.74,,trade,0.00021,1.0,0.0
BINANCE:BTCUSDT,2024-12-06 20:16:00.702+0000,101629.98,,trade,0.00491,0.0,0.0
BINANCE:BTCUSDT,2024-12-06 20:16:00.961+0000,101629.98,,trade,0.00014,0.0,0.0
BINANCE:BTCUSDT,2024-12-06 20:16:00.982+0000,101629.98,,trade,0.0001,0.0,0.0
BINANCE:BTCUSDT,2024-12-06 20:16:01.677+0000,101629.98,,trade,9e-05,0.0,0.0
BINANCE:BTCUSDT,2024-12-06 20:16:01.722+0000,101629.97,,trade,0.00049,0.0,0.0
BINANCE:BTCUSDT,2024-12-06 20:16:01.965+0000,101629.97,,trade,4e-05,0.0,0.0
BINANCE:BTCUSDT,2024-12-06 20:16:01.980+0000,101630.56,,trade,0.00021,1.0,0.0
BINANCE:BTCUSDT,2024-12-06 20:16:02.068+0000,101631.74,,trade,0.00109,1.0,0.0
BINANCE:BTCUSDT,2024-12-06 20:16:02.398+0000,101629.98,,trade,0.00408,0.0,0.0
BINANCE:BTCUSDT,2024-12-06 20:16:02.605+0000,101629.98,,trade,0.0019,0.0,1.0
BINANCE:BTCUSDT,2024-12-06 20:16:02.688+0000,101629.98,,trade,6e-05,0.0,0.0
BINANCE:BTCUSDT,2024-12-06 20:16:02.707+0000,101629.97,,trade,0.05821,0.0,0.0
BINANCE:BTCUSDT,2024-12-06 20:16:03.169+0000,101631.11,,trade,0.00028,1.0,0.0
BINANCE:BTCUSDT,2024-12-06 20:16:03.405+0000,101629.98,,trade,0.00246,0.0,0.0
BINANCE:BTCUSDT,2024-12-06 20:16:03.491+0000,101629.97,,trade,0.0014,0.0,1.0
BINANCE:BTCUSDT,2024-12-06 20:16:03.809+0000,101629.97,,trade,0.00011,0.0,0.0
BINANCE:BTCUSDT,2024-12-06 20:16:04.226+0000,101629.97,,trade,0.00097,0.0,0.0
BINANCE:BTCUSDT,2024-12-06 20:16:04.327+0000,101629.97,,trade,0.00245,0.0,0.0
BINANCE:BTCUSDT,2024-12-06 20:16:04.758+0000,101629.97,,trade,0.04918,0.0,0.0
BINANCE:BTCUSDT,2024-12-06 20:16:04.841+0000,101629.97,,trade,6e-05,0.0,0.0
BINANCE:BTCUSDT,2024-12-06 20:16:04.916+0000,101629.97,,trade,0.01475,0.0,0.0
BINANCE:BTCUSDT,2024-12-06 20:16:05.021+0000,101631.15,,trade,0.00016,1.0,0.0
BINANCE:BTCUSDT,2024-12-06 20:16:05.387+0000,101629.98,,trade,0.00095,0.0,0.0
BINANCE:BTCUSDT,2024-12-06 20:16:05.419+0000,101629.97,,trade,0.00181,0.0,0.0
BINANCE:BTCUSDT,2024-12-06 20:16:05.534+0000,101629.98,,trade,0.0002,0.0,0.0
BINANCE:BTCUSDT,2024-12-06 20:16:05.634+0000,101629.98,,trade,0.0001,0.0,0.0
BINANCE:BTCUSDT,2024-12-06 20:16:05.972+0000,101629.98,,trade,0.00776,0.0,0.0
BINANCE:BTCUSDT,2024-12-06 20:16:05.989+0000,101629.97,,trade,0.0004,0.0,0.0
BINANCE:BTCUSDT,2024-12-06 20:16:06.349+0000,101629.98,,trade,0.0002,0.0,0.0
BINANCE:BTCUSDT,2024-12-06 20:16:06.374+0000,101629.98,,trade,6e-05,0.0,0.0
BINANCE:BTCUSDT,2024-12-06 20:16:06.609+0000,101629.98,,trade,0.00012,0.0,0.0
BINANCE:BTCUSDT,2024-12-06 20:16:06.626+0000,101629.97,,trade,0.0004,0.0,0.0
BINANCE:BTCUSDT,2024-12-06 20:16:06.661+0000,101627.85,,trade,0.00097,1.0,0.0
BINANCE:BTCUSDT,2024-12-06 20:16:06.871+0000,101629.97,,trade,9e-05,0.0,0.0
BINANCE:BTCUSDT,2024-12-06 20:16:06.906+0000,101629.98,,trade,0.00085,0.0,0.0
BINANCE:BTCUSDT,2024-12-06 20:16:06.972+0000,101634.37,,trade,0.01866,1.0,0.0
BINANCE:BTCUSDT,2024-12-06 20:16:07.000+0000,101629.98,,trade,0.00215,0.0,0.0
BINANCE:BTCUSDT,2024-12-06 20:16:07.151+0000,101629.98,,trade,0.00017,0.0,0.0
BINANCE:BTCUSDT,2024-12-06 20:16:07.175+0000,101629.98,,trade,0.00385,0.0,0.0
BINANCE:BTCUSDT,2024-12-06 20:16:07.249+0000,101629.98,,trade,0.00326,0.0,0.0
BINANCE:BTCUSDT,2024-12-06 20:16:07.271+0000,101629.98,,trade,0.00051,0.0,0.0
BINANCE:BTCUSDT,2024-12-06 20:16:07.391+0000,101629.98,,trade,0.00575,0.0,0.0
BINANCE:BTCUSDT,2024-12-06 20:16:07.427+0000,101629.97,,trade,0.00011,0.0,0.0
BINANCE:BTCUSDT,2024-12-06 20:16:07.772+0000,101629.97,,trade,0.0003,0.0,0.0
BINANCE:BTCUSDT,2024-12-06 20:16:07.773+0000,101629.97,,trade,0.0005,0.0,0.0
BINANCE:BTCUSDT,2024-12-06 20:16:07.791+0000,101629.97,,trade,0.02425,0.0,0.0
BINANCE:BTCUSDT,2024-12-06 20:16:07.943+0000,101629.97,,trade,0.00016,0.0,0.0
BINANCE:BTCUSDT,2024-12-06 20:16:07.945+0000,101628.79,,trade,0.00266,0.0,0.0
BINANCE:BTCUSDT,2024-12-06 20:16:08.008+0000,101624.66,,trade,0.00026,1.0,0.0
BINANCE:BTCUSDT,2024-12-06 20:16:08.208+0000,101628.79,,trade,0.00036,0.0,0.0
BINANCE:BTCUSDT,2024-12-06 20:16:08.262+0000,101628.78,,trade,0.08931,0.0,1.0
BINANCE:BTCUSDT,2024-12-06 20:16:08.409+0000,101628.78,,trade,0.19144,0.0,0.0
BINANCE:BTCUSDT,2024-12-06 20:16:08.410+0000,101626.38,,trade,0.19643,1.0,0.0
BINANCE:BTCUSDT,2024-12-06 20:16:08.411+0000,101624.31,,trade,0.00025,0.0,0.0
BINANCE:BTCUSDT,2024-12-06 20:16:08.416+0000,101624.03,,trade,0.00196,0.0,0.0
BINANCE:BTCUSDT,2024-12-06 20:16:08.440+0000,101624.02,,trade,8e-05,0.0,0.0
BINANCE:BTCUSDT,2024-12-06 20:16:08.751+0000,101624.01,,trade,0.0005,0.0,1.0
BINANCE:BTCUSDT,2024-12-06 20:16:08.780+0000,101624.02,,trade,0.00098,0.0,0.0
BINANCE:BTCUSDT,2024-12-06 20:16:09.199+0000,101624.01,,trade,0.00429,0.0,0.0
BINANCE:BTCUSDT,2024-12-06 20:16:09.375+0000,101624.02,,trade,0.02,0.0,0.0
BINANCE:BTCUSDT,2024-12-06 20:16:09.555+0000,101624.01,,trade,0.1756,0.0,0.0
BINANCE:BTCUSDT,2024-12-06 20:16:09.556+0000,101624.0,,trade,0.0024,0.0,0.0
BINANCE:BTCUSDT,2024-12-06 20:16:09.558+0000,101617.99,,trade,0.00266,0.0,0.0
BINANCE:BTCUSDT,2024-12-06 20:16:09.559+0000,101617.64,,trade,0.00025,0.0,0.0
BINANCE:BTCUSDT,2024-12-06 20:16:09.633+0000,101617.8,,trade,0.06443,1.0,0.0
BINANCE:BTCUSDT,2024-12-06 20:16:09.636+0000,101617.56,,trade,6e-05,0.0,0.0
BINANCE:BTCUSDT,2024-12-06 20:16:09.638+0000,101616.01,,trade,8e-05,0.0,0.0
BINANCE:BTCUSDT,2024-12-06 20:16:09.639+0000,101616.01,,trade,0.00225,0.0,0.0
BINANCE:BTCUSDT,2024-12-06 20:16:09.641+0000,101616.0,,trade,0.00025,0.0,0.0
BINANCE:BTCUSDT,2024-12-06 20:16:09.820+0000,101617.54,,trade,0.003,1.0,0.0
BINANCE:BTCUSDT,2024-12-06 20:16:09.822+0000,101615.35,,trade,0.11283,0.0,0.0
BINANCE:BTCUSDT,2024-12-06 20:16:09.824+0000,101615.03,,trade,0.00171,1.0,0.0
BINANCE:BTCUSDT,2024-12-06 20:16:09.825+0000,101612.01,,trade,6e-05,0.0,0.0
BINANCE:BTCUSDT,2024-12-06 20:16:09.827+0000,101612.01,,trade,0.00385,0.0,0.0
BINANCE:BTCUSDT,2024-12-06 20:16:09.828+0000,101610.41,,trade,8e-05,0.0,0.0
BINANCE:BTCUSDT,2024-12-06 20:16:09.829+0000,101609.99,,trade,0.04922,0.0,0.0
BINANCE:BTCUSDT,2024-12-06 20:16:09.831+0000,101608.3,,trade,0.00025,0.0,0.0
BINANCE:BTCUSDT,2024-12-06 20:16:09.832+0000,101608.3,,trade,0.00025,0.0,0.0
BINANCE:BTCUSDT,2024-12-06 20:16:09.833+0000,101608.3,,trade,0.00041,0.0,1.0
BINANCE:BTCUSDT,2024-12-06 20:16:09.893+0000,101608.3,,trade,0.0006,0.0,0.0
BINANCE:BTCUSDT,2024-12-06 20:16:09.894+0000,101608.3,,trade,0.002,0.0,0.0
BINANCE:BTCUSDT,2024-12-06 20:16:09.969+0000,101608.29,,trade,0.00022,0.0,0.0
BINANCE:BTCUSDT,2024-12-06 20:16:10.215+0000,101608.29,,trade,0.00162,0.0,0.0
BINANCE:BTCUSDT,2024-12-06 20:16:10.927+0000,101608.29,,trade,0.00012,0.0,0.0
BINANCE:BTCUSDT,2024-12-06 20:16:11.046+0000,101608.29,,trade,0.14399,0.0,0.0
BINANCE:BTCUSDT,2024-12-06 20:16:11.089+0000,101608.29,,trade,0.00013,0.0,0.0
BINANCE:BTCUSDT,2024-12-06 20:16:11.655+0000,101608.29,,trade,0.0003,0.0,0.0
BINANCE:BTCUSDT,2024-12-06 20:16:11.720+0000,101608.3,,trade,0.00213,0.0,0.0
BINANCE:BTCUSDT,2024-12-06 20:16:11.751+0000,101608.3,,trade,0.05601,0.0,0.0
BINANCE:BTCUSDT,2024-12-06 20:16:11.769+0000,101608.3,,trade,0.00049,0.0,0.0
BINANCE:BTCUSDT,2024-12-06 20:16:11.805+0000,101608.3,,trade,0.00286,0.0,0.0
BINANCE:BTCUSDT,2024-12-06 20:16:11.911+0000,101608.3,,trade,0.00036,0.0,0.0
BINANCE:BTCUSDT,2024-12-06 20:16:12.074+0000,101608.3,,trade,0.00042,0.0,0.0
BINANCE:BTCUSDT,2024-12-06 20:16:12.107+0000,101608.29,,trade,0.01539,0.0,0.0
BINANCE:BTCUSDT,2024-12-06 20:16:12.155+0000,101608.29,,trade,0.00117,0.0,0.0
BINANCE:BTCUSDT,2024-12-06 20:16:12.353+0000,101608.3,,trade,0.00195,0.0,0.0
BINANCE:BTCUSDT,2024-12-06 20:16:12.549+0000,101608.3,,trade,0.00017,0.0,0.0
BINANCE:BTCUSDT,2024-12-06 20:16:12.874+0000,101608.3,,trade,0.00935,0.0,0.0
BINANCE:BTCUSDT,2024-12-06 20:16:12.914+0000,101608.3,,trade,0.04609,0.0,1.0
BINANCE:BTCUSDT,2024-12-06 20:16:12.976+0000,101608.29,,trade,0.07141,0.0,0.0
BINANCE:BTCUSDT,2024-12-06 20:16:13.094+0000,101608.3,,trade,0.00077,0.0,0.0
BINANCE:BTCUSDT,2024-12-06 20:16:13.139+0000,101608.3,,trade,0.00026,0.0,0.0
BINANCE:BTCUSDT,2024-12-06 20:16:13.287+0000,101608.3,,trade,0.04057,0.0,0.0
BINANCE:BTCUSDT,2024-12-06 20:16:13.417+0000,101604.06,,trade,0.00019,1.0,0.0
BINANCE:BTCUSDT,2024-12-06 20:16:13.620+0000,101608.29,,trade,0.0002,0.0,1.0
BINANCE:BTCUSDT,2024-12-06 20:16:13.752+0000,101608.29,,trade,0.0002,0.0,0.0
BINANCE:BTCUSDT,2024-12-06 20:16:13.753+0000,101608.29,,trade,0.0002,0.0,0.0
BINANCE:BTCUSDT,2024-12-06 20:16:13.754+0000,101608.29,,trade,0.0002,0.0,0.0
BINANCE:BTCUSDT,2024-12-06 20:16:13.756+0000,101608.29,,trade,0.0002,0.0,0.0
BINANCE:BTCUSDT,2024-12-06 20:16:13.760+0000,101608.29,,trade,0.0022,0.0,1.0
BINANCE:BTCUSDT,2024-12-06 20:16:13.815+0000,101608.01,,trade,0.004,0.0,0.0
BINANCE:BTCUSDT,2024-12-06 20:16:13.817+0000,101605.18,,trade,0.08716,0.0,1.0
BINANCE:BTCUSDT,2024-12-06 20:16:13.819+0000,101605.12,,trade,0.00303,0.0,1.0
BINANCE:BTCUSDT,2024-12-06 20:16:13.820+0000,101604.01,,trade,0.004,0.0,0.0
BINANCE:BTCUSDT,2024-12-06 20:16:13.822+0000,101602.88,,trade,0.00025,1.0,0.0
BINANCE:BTCUSDT,2024-12-06 20:16:13.823+0000,101601.32,,trade,0.0001,0.0,0.0
BINANCE:BTCUSDT,2024-12-06 20:16:13.825+0000,101600.48,,trade,6e-05,0.0,0.0
BINANCE:BTCUSDT,2024-12-06 20:16:13.846+0000,101600.01,,trade,0.00154,0.0,0.0
BINANCE:BTCUSDT,2024-12-06 20:16:13.864+0000,101600.0,,trade,0.01061,0.0,0.0
BINANCE:BTCUSDT,2024-12-06 20:16:13.867+0000,101597.63,,trade,0.00505,0.0,1.0
BINANCE:BTCUSDT,2024-12-06 20:16:13.869+0000,101597.62,,trade,0.00196,0.0,0.0
BINANCE:BTCUSDT,2024-12-06 20:16:13.912+0000,101597.61,,trade,0.00045,0.0,0.0
BINANCE:BTCUSDT,2024-12-06 20:16:13.945+0000,101596.01,,trade,0.00156,0.0,0.0
BINANCE:BTCUSDT,2024-12-06 20:16:13.955+0000,101594.28,,trade,8e-05,0.0,0.0
BINANCE:BTCUSDT,2024-12-06 20:16:13.958+0000,101595.64,,trade,0.00266,1.0,0.0
BINANCE:BTCUSDT,2024-12-06 20:16:14.026+0000,101592.0,,trade,0.00139,0.0,0.0
BINANCE:BTCUSDT,2024-12-06 20:16:14.032+0000,101592.0,,trade,0.00161,0.0,0.0
BINANCE:BTCUSDT,2024-12-06 20:16:14.121+0000,101592.01,,trade,0.00017,0.0,0.0
BINANCE:BTCUSDT,2024-12-06 20:16:14.187+0000,101592.0,,trade,0.00125,0.0,0.0
BINANCE:BTCUSDT,2024-12-06 20:16:14.202+0000,101592.0,,trade,0.08035,0.0,0.0
BINANCE:BTCUSDT,2024-12-06 20:16:14.267+0000,101592.01,,trade,9e-05,0.0,0.0
BINANCE:BTCUSDT,2024-12-06 20:16:14.295+0000,101592.0,,trade,0.00021,0.0,1.0
BINANCE:BTCUSDT,2024-12-06 20:16:14.716+0000,101592.01,,trade,0.00041,0.0,0.0
BINANCE:BTCUSDT,2024-12-06 20:16:14.789+0000,101592.01,,trade,0.00032,0.0,0.0
BINANCE:BTCUSDT,2024-12-06 20:16:14.825+0000,101592.01,,trade,0.00018,0.0,0.0
BINANCE:BTCUSDT,2024-12-06 20:16:15.034+0000,101592.0,,trade,0.00152,0.0,0.0
BINANCE:BTCUSDT,2024-12-06 20:16:15.038+0000,101592.01,,trade,0.00984,0.0,0.0
BINANCE:BTCUSDT,2024-12-06 20:16:15.140+0000,101592.01,,trade,0.00482,0.0,0.0
BINANCE:BTCUSDT,2024-12-06 20:16:15.143+0000,101592.0,,trade,0.00097,0.0,0.0
BINANCE:BTCUSDT,2024-12-06 20:16:15.146+0000,101592.0,,trade,0.00068,0.0,0.0
BINANCE:BTCUSDT,2024-12-06 20:16:15.254+0000,101592.01,,trade,0.00056,0.0,0.0
BINANCE:BTCUSDT,2024-12-06 20:16:15.255+0000,101592.01,,trade,0.00224,0.0,1.0
BINANCE:BTCUSDT,2024-12-06 20:16:15.374+0000,101592.0,,trade,0.00482,0.0,0.0
BINANCE:BTCUSDT,2024-12-06 20:16:15.464+0000,101592.01,,trade,9e-05,0.0,0.0
BINANCE:BTCUSDT,2024-12-06 20:16:15.528+0000,101592.01,,trade,0.00684,0.0,0.0
BINANCE:BTCUSDT,2024-12-06 20:16:15.533+0000,101595.79,,trade,6e-05,0.0,0.0
BINANCE:BTCUSDT,2024-12-06 20:16:15.542+0000,101597.61,,trade,0.00098,0.0,0.0
BINANCE:BTCUSDT,2024-12-06 20:16:15.546+0000,101599.03,,trade,0.058,0.0,0.0
BINANCE:BTCUSDT,2024-12-06 20:16:15.548+0000,101599.99,,trade,6e-05,0.0,0.0
BINANCE:BTCUSDT,2024-12-06 20:16:15.549+0000,101599.99,,trade,8e-05,0.0,1.0
BINANCE:BTCUSDT,2024-12-06 20:16:16.222+0000,101599.99,,trade,0.00015,0.0,0.0
BINANCE:BTCUSDT,2024-12-06 20:16:16.314+0000,101599.98,,trade,0.00033,0.0,0.0
BINANCE:BTCUSDT,2024-12-06 20:16:16.338+0000,101599.99,,trade,7e-05,0.0,0.0
BINANCE:BTCUSDT,2024-12-06 20:16:16.367+0000,101599.99,,trade,7e-05,0.0,1.0
BINANCE:BTCUSDT,2024-12-06 20:16:16.466+0000,101599.99,,trade,6e-05,0.0,0.0
BINANCE:BTCUSDT,2024-12-06 20:16:16.468+0000,101597.24,,trade,0.00266,1.0,0.0
BINANCE:BTCUSDT,2024-12-06 20:16:16.569+0000,101602.16,,trade,0.00101,0.0,0.0
BINANCE:BTCUSDT,2024-12-06 20:16:17.043+0000,101602.26,,trade,0.00045,1.0,0.0
BINANCE:BTCUSDT,2024-12-06 20:16:17.044+0000,101602.15,,trade,0.00652,0.0,0.0
BINANCE:BTCUSDT,2024-12-06 20:16:17.281+0000,101602.15,,trade,0.00082,0.0,0.0
BINANCE:BTCUSDT,2024-12-06 20:16:17.331+0000,101602.15,,trade,0.00013,0.0,0.0
BINANCE:BTCUSDT,2024-12-06 20:16:17.390+0000,101607.42,,trade,0.12214,0.0,0.0
BINANCE:BTCUSDT,2024-12-06 20:16:17.415+0000,101607.41,,trade,0.00079,0.0,0.0
BINANCE:BTCUSDT,2024-12-06 20:16:17.416+0000,101607.41,,trade,0.00079,0.0,0.0
BINANCE:BTCUSDT,2024-12-06 20:16:17.423+0000,101607.41,,trade,0.00053,0.0,1.0
BINANCE:BTCUSDT,2024-12-06 20:16:17.427+0000,101611.96,,trade,0.0003,1.0,0.0
BINANCE:BTCUSDT,2024-12-06 20:16:17.787+0000,101607.41,,trade,0.00018,0.0,1.0
BINANCE:BTCUSDT,2024-12-06 20:16:17.810+0000,101607.41,,trade,9e-05,0.0,0.0
BINANCE:BTCUSDT,2024-12-06 20:16:17.824+0000,101607.41,,trade,0.00032,0.0,1.0
BINANCE:BTCUSDT,2024-12-06 20:16:17.825+0000,101607.03,,trade,0.0005,1.0,0.0
BINANCE:BTCUSDT,2024-12-06 20:16:17.832+0000,101607.41,,trade,0.0032,0.0,0.0
BINANCE:BTCUSDT,2024-12-06 20:16:17.894+0000,101607.41,,trade,0.00079,0.0,0.0
BINANCE:BTCUSDT,2024-12-06 20:16:17.895+0000,101609.82,,trade,0.0003,1.0,0.0
BINANCE:BTCUSDT,2024-12-06 20:16:17.896+0000,101607.41,,trade,0.0002,0.0,0.0
BINANCE:BTCUSDT,2024-12-06 20:16:17.902+0000,101607.41,,trade,0.0032,0.0,0.0
BINANCE:BTCUSDT,2024-12-06 20:16:17.963+0000,101607.42,,trade,0.11653,0.0,0.0
BINANCE:BTCUSDT,2024-12-06 20:16:18.081+0000,101606.77,,trade,0.00097,1.0,0.0
BINANCE:BTCUSDT,2024-12-06 20:16:18.179+0000,101607.41,,trade,0.00078,0.0,0.0
BINANCE:BTCUSDT,2024-12-06 20:16:18.325+0000,101607.42,,trade,0.00034,0.0,0.0
BINANCE:BTCUSDT,2024-12-06 20:16:18.596+0000,101607.41,,trade,0.00266,0.0,0.0
BINANCE:BTCUSDT,2024-12-06 20:16:18.597+0000,101607.41,,trade,0.00025,0.0,0.0
BINANCE:BTCUSDT,2024-12-06 20:16:18.600+0000,101606.69,,trade,0.00093,0.0,0.0
BINANCE:BTCUSDT,2024-12-06 20:16:18.601+0000,101606.68,,trade,0.00073,0.0,0.0
BINANCE:BTCUSDT,2024-12-06 20:16:18.603+0000,101605.75,,trade,0.00025,0.0,0.0
BINANCE:BTCUSDT,2024-12-06 20:16:18.606+0000,101605.75,,trade,0.00167,0.0,0.0
BINANCE:BTCUSDT,2024-12-06 20:16:18.613+0000,101604.01,,trade,0.00058,0.0,0.0
BINANCE:BTCUSDT,2024-12-06 20:16:18.698+0000,101604.0,,trade,0.00025,0.0,0.0
BINANCE:BTCUSDT,2024-12-06 20:16:18.699+0000,101600.01,,trade,0.00243,0.0,0.0
BINANCE:BTCUSDT,2024-12-06 20:16:18.821+0000,101600.0,,trade,0.00145,0.0,1.0
BINANCE:BTCUSDT,2024-12-06 20:16:18.862+0000,101600.0,,trade,0.00024,0.0,0.0
BINANCE:BTCUSDT,2024-12-06 20:16:19.177+0000,101600.0,,trade,0.01076,0.0,0.0
BINANCE:BTCUSDT,2024-12-06 20:16:19.253+0000,101599.99,,trade,0.0001,0.0,0.0
BINANCE:BTCUSDT,2024-12-06 20:16:19.281+0000,101601.47,,trade,0.01471,1.0,0.0
BINANCE:BTCUSDT,2024-12-06 20:16:19.284+0000,101596.87,,trade,5e-05,0.0,0.0
BINANCE:BTCUSDT,2024-12-06 20:16:19.287+0000,101596.01,,trade,8e-05,0.0,0.0
BINANCE:BTCUSDT,2024-12-06 20:16:19.291+0000,101595.94,,trade,0.0002,0.0,0.0
BINANCE:BTCUSDT,2024-12-06 20:16:19.293+0000,101592.01,,trade,0.00016,0.0,0.0
BINANCE:BTCUSDT,2024-12-06 20:16:19.781+0000,101589.83,,trade,0.00202,0.0,0.0
BINANCE:BTCUSDT,2024-12-06 20:16:19.782+0000,101588.0,,trade,0.00035,0.0,0.0
BINANCE:BTCUSDT,2024-12-06 20:16:19.784+0000,101584.0,,trade,0.0024,0.0,0.0
BINANCE:BTCUSDT,2024-12-06 20:16:19.785+0000,101583.23,,trade,0.00025,0.0,0.0
BINANCE:BTCUSDT,2024-12-06 20:16:19.789+0000,101580.81,,trade,6e-05,0.0,0.0
BINANCE:BTCUSDT,2024-12-06 20:16:19.790+0000,101580.81,,trade,0.00185,0.0,0.0
BINANCE:BTCUSDT,2024-12-06 20:16:19.793+0000,101580.8,,trade,0.00025,0.0,0.0
BINANCE:BTCUSDT,2024-12-06 20:16:19.819+0000,101579.51,,trade,8e-05,0.0,0.0
BINANCE:BTCUSDT,2024-12-06 20:16:19.860+0000,101579.18,,trade,0.00216,0.0,0.0
BINANCE:BTCUSDT,2024-12-06 20:16:19.921+0000,101579.17,,trade,0.0002,0.0,0.0
BINANCE:BTCUSDT,2024-12-06 20:16:19.926+0000,101579.17,,trade,0.0002,0.0,0.0
BINANCE:BTCUSDT,2024-12-06 20:16:19.929+0000,101579.17,,trade,0.00074,0.0,0.0
BINANCE:BTCUSDT,2024-12-06 20:16:19.936+0000,101579.17,,trade,0.00074,0.0,0.0
BINANCE:BTCUSDT,2024-12-06 20:16:19.939+0000,101579.17,,trade,0.0032,0.0,0.0
BINANCE:BTCUSDT,2024-12-06 20:16:19.946+0000,101579.17,,trade,0.0032,0.0,0.0
BINANCE:BTCUSDT,2024-12-06 20:16:20.037+0000,101579.18,,trade,0.0004,0.0,0.0
BINANCE:BTCUSDT,2024-12-06 20:16:20.154+0000,101579.18,,trade,9e-05,0.0,0.0
BINANCE:BTCUSDT,2024-12-06 20:16:20.344+0000,101579.17,,trade,0.0893,0.0,0.0
BINANCE:BTCUSDT,2024-12-06 20:16:20.392+0000,101577.22,,trade,0.00013,1.0,0.0
BINANCE:BTCUSDT,2024-12-06 20:16:20.641+0000,101579.17,,trade,0.00013,0.0,1.0
BINANCE:BTCUSDT,2024-12-06 20:16:20.863+0000,101579.17,,trade,0.00019,0.0,0.0
BINANCE:BTCUSDT,2024-12-06 20:16:21.125+0000,101579.18,,trade,0.00013,0.0,0.0
BINANCE:BTCUSDT,2024-12-06 20:16:21.190+0000,101579.17,,trade,0.00127,0.0,1.0
BINANCE:BTCUSDT,2024-12-06 20:16:21.294+0000,101579.18,,trade,0.00251,0.0,0.0
BINANCE:BTCUSDT,2024-12-06 20:16:21.308+0000,101579.18,,trade,0.00491,0.0,0.0
BINANCE:BTCUSDT,2024-12-06 20:16:21.877+0000,101579.18,,trade,0.00013,0.0,0.0
BINANCE:BTCUSDT,2024-12-06 20:16:22.007+0000,101579.18,,trade,0.02054,0.0,0.0
BINANCE:BTCUSDT,2024-12-06 20:16:22.143+0000,101579.18,,trade,0.06574,0.0,0.0
BINANCE:BTCUSDT,2024-12-06 20:16:22.144+0000,101579.51,,trade,0.02643,0.0,1.0
BINANCE:BTCUSDT,2024-12-06 20:16:22.153+0000,101582.39,,trade,0.05562,0.0,1.0
BINANCE:BTCUSDT,2024-12-06 20:16:22.154+0000,101581.09,,trade,6e-05,1.0,0.0
BINANCE:BTCUSDT,2024-12-06 20:16:22.155+0000,101583.19,,trade,6e-05,1.0,0.0
BINANCE:BTCUSDT,2024-12-06 20:16:22.158+0000,101584.82,,trade,0.00248,0.0,0.0
BINANCE:BTCUSDT,2024-12-06 20:16:22.162+0000,101586.49,,trade,0.00231,0.0,0.0
BINANCE:BTCUSDT,2024-12-06 20:16:22.166+0000,101586.49,,trade,6e-05,0.0,0.0
BINANCE:BTCUSDT,2024-12-06 20:16:22.480+0000,101586.49,,trade,9e-05,0.0,0.0
BINANCE:BTCUSDT,2024-12-06 20:16:22.539+0000,101586.48,,trade,7e-05,0.0,0.0
BINANCE:BTCUSDT,2024-12-06 20:16:22.547+0000,101586.49,,trade,0.0002,0.0,0.0
BINANCE:BTCUSDT,2024-12-06 20:16:22.655+0000,101586.48,,trade,0.00082,0.0,1.0
BINANCE:BTCUSDT,2024-12-06 20:16:23.010+0000,101586.48,,trade,0.00141,0.0,0.0
BINANCE:BTCUSDT,2024-12-06 20:16:23.049+0000,101586.48,,trade,0.01017,0.0,0.0
BINANCE:BTCUSDT,2024-12-06 20:16:23.145+0000,101586.49,,trade,0.00036,0.0,0.0
BINANCE:BTCUSDT,2024-12-06 20:16:23.151+0000,101586.49,,trade,0.00053,0.0,1.0
BINANCE:BTCUSDT,2024-12-06 20:16:23.368+0000,101586.49,,trade,0.00072,0.0,0.0
BINANCE:BTCUSDT,2024-12-06 20:16:23.371+0000,101586.49,,trade,0.00214,0.0,0.0
BINANCE:BTCUSDT,2024-12-06 20:16:23.373+0000,101586.49,,trade,6e-05,0.0,0.0
BINANCE:BTCUSDT,2024-12-06 20:16:23.374+0000,101588.0,,trade,6e-05,0.0,0.0
BINANCE:BTCUSDT,2024-12-06 20:16:23.650+0000,101588.0,,trade,0.00171,0.0,0.0
BINANCE:BTCUSDT,2024-12-06 20:16:23.661+0000,101588.0,,trade,0.0002,0.0,0.0
BINANCE:BTCUSDT,2024-12-06 20:16:23.806+0000,101587.99,,trade,0.00199,0.0,0.0
BINANCE:BTCUSDT,2024-12-06 20:16:23.848+0000,101587.99,,trade,0.00208,0.0,0.0
BINANCE:BTCUSDT,2024-12-06 20:16:23.943+0000,101587.99,,trade,0.00012,0.0,0.0
BINANCE:BTCUSDT,2024-12-06 20:16:24.091+0000,101588.0,,trade,0.00577,0.0,0.0
BINANCE:BTCUSDT,2024-12-06 20:16:24.121+0000,101588.0,,trade,0.00335,0.0,0.0
BINANCE:BTCUSDT,2024-12-06 20:16:24.124+0000,101587.99,,trade,0.00066,0.0,0.0
BINANCE:BTCUSDT,2024-12-06 20:16:24.286+0000,101588.0,,trade,0.00957,0.0,1.0
BINANCE:BTCUSDT,2024-12-06 20:16:24.645+0000,101585.59,,trade,0.0193,1.0,0.0
BINANCE:BTCUSDT,2024-12-06 20:16:25.322+0000,101588.0,,trade,0.00424,0.0,0.0
BINANCE:BTCUSDT,2024-12-06 20:16:25.430+0000,101588.0,,trade,0.00019,0.0,0.0
BINANCE:BTCUSDT,2024-12-06 20:16:25.588+0000,101587.99,,trade,0.00151,0.0,0.0
BINANCE:BTCUSDT,2024-12-06 20:16:25.635+0000,101587.99,,trade,0.0202,0.0,0.0
BINANCE:BTCUSDT,2024-12-06 20:16:25.850+0000,101587.99,,trade,0.00027,0.0,0.0
BINANCE:BTCUSDT,2024-12-06 20:16:25.931+0000,101587.99,,trade,0.00097,0.0,0.0
BINANCE:BTCUSDT,2024-12-06 20:16:26.113+0000,101588.0,,trade,0.00102,0.0,0.0
BINANCE:BTCUSDT,2024-12-06 20:16:26.176+0000,101586.24,,trade,0.1426,1.0,0.0
BINANCE:BTCUSDT,2024-12-06 20:16:26.662+0000,101586.91,,trade,0.00023,1.0,0.0
BINANCE:BTCUSDT,2024-12-06 20:16:26.836+0000,101588.0,,trade,0.00036,0.0,0.0
BINANCE:BTCUSDT,2024-12-06 20:16:27.025+0000,101587.99,,trade,0.0003,0.0,0.0
BINANCE:BTCUSDT,2024-12-06 20:16:27.032+0000,101587.99,,trade,0.00117,0.0,0.0
BINANCE:BTCUSDT,2024-12-06 20:16:27.158+0000,101584.13,,trade,0.10857,1.0,0.0
BINANCE:BTCUSDT,2024-12-06 20:16:27.290+0000,101588.0,,trade,0.1332,0.0,0.0
BINANCE:BTCUSDT,2024-12-06 20:16:27.468+0000,101588.0,,trade,0.00013,0.0,0.0
BINANCE:BTCUSDT,2024-12-06 20:16:27.480+0000,101588.0,,trade,0.00014,0.0,0.0
BINANCE:BTCUSDT,2024-12-06 20:16:27.612+0000,101588.0,,trade,0.0001,0.0,0.0
BINANCE:BTCUSDT,2024-12-06 20:16:27.646+0000,101588.0,,trade,0.01114,0.0,0.0
BINANCE:BTCUSDT,2024-12-06 20:16:27.652+0000,101587.99,,trade,0.0192,0.0,0.0
BINANCE:BTCUSDT,2024-12-06 20:16:27.746+0000,101591.22,,trade,0.00012,1.0,0.0
BINANCE:BTCUSDT,2024-12-06 20:16:27.783+0000,101587.99,,trade,0.0001,0.0,0.0
BINANCE:BTCUSDT,2024-12-06 20:16:28.148+0000,101587.99,,trade,0.00025,0.0,0.0
BINANCE:BTCUSDT,2024-12-06 20:16:28.188+0000,101590.88,,trade,0.00032,1.0,0.0
BINANCE:BTCUSDT,2024-12-06 20:16:28.238+0000,101588.0,,trade,0.00125,0.0,0.0
BINANCE:BTCUSDT,2024-12-06 20:16:28.701+0000,101587.99,,trade,0.01023,0.0,0.0
BINANCE:BTCUSDT,2024-12-06 20:16:28.824+0000,101588.0,,trade,0.00011,0.0,0.0
BINANCE:BTCUSDT,2024-12-06 20:16:28.869+0000,101588.0,,trade,0.00275,0.0,0.0
BINANCE:BTCUSDT,2024-12-06 20:16:28.999+0000,101588.0,,trade,0.00036,0.0,0.0
BINANCE:BTCUSDT,2024-12-06 20:16:29.353+0000,101587.99,,trade,0.00097,0.0,0.0
BINANCE:BTCUSDT,2024-12-06 20:16:29.537+0000,101588.0,,trade,0.00022,0.0,0.0
BINANCE:BTCUSDT,2024-12-06 20:16:29.819+0000,101587.99,,trade,0.02281,0.0,0.0
BINANCE:BTCUSDT,2024-12-06 20:16:30.101+0000,101588.0,,trade,0.00219,0.0,0.0
BINANCE:BTCUSDT,2024-12-06 20:16:30.104+0000,101588.0,,trade,0.0001,0.0,0.0
BINANCE:BTCUSDT,2024-12-06 20:16:30.109+0000,101588.0,,trade,0.0005,0.0,1.0
BINANCE:BTCUSDT,2024-12-06 20:16:30.114+0000,101588.0,,trade,0.001,0.0,0.0
BINANCE:BTCUSDT,2024-12-06 20:16:30.119+0000,101588.0,,trade,0.00704,0.0,0.0
BINANCE:BTCUSDT,2024-12-06 20:16:30.124+0000,101588.05,,trade,0.00982,0.0,0.0
BINANCE:BTCUSDT,2024-12-06 20:16:30.129+0000,101588.23,,trade,0.0001,0.0,0.0
BINANCE:BTCUSDT,2024-12-06 20:16:30.135+0000,101588.23,,trade,0.0001,0.0,0.0
BINANCE:BTCUSDT,2024-12-06 20:16:30.167+0000,101592.0,,trade,0.00035,0.0,0.0
BINANCE:BTCUSDT,2024-12-06 20:16:30.168+0000,101592.68,,trade,0.01,1.0,0.0
BINANCE:BTCUSDT,2024-12-06 20:16:30.190+0000,101596.0,,trade,0.00216,0.0,0.0
BINANCE:BTCUSDT,2024-12-06 20:16:30.461+0000,101596.94,,trade,0.00098,0.0,0.0
BINANCE:BTCUSDT,2024-12-06 20:16:30.570+0000,101596.93,,trade,6e-05,0.0,0.0
BINANCE:BTCUSDT,2024-12-06 20:16:30.706+0000,101596.94,,trade,0.00012,0.0,0.0
BINANCE:BTCUSDT,2024-12-06 20:16:30.788+0000,101596.94,,trade,0.00098,0.0,0.0
BINANCE:BTCUSDT,2024-12-06 20:16:31.156+0000,101596.94,,trade,0.00016,0.0,0.0
BINANCE:BTCUSDT,2024-12-06 20:16:31.168+0000,101596.93,,trade,0.00108,0.0,0.0
BINANCE:BTCUSDT,2024-12-06 20:16:31.299+0000,101596.94,,trade,6e-05,0.0,0.0
BINANCE:BTCUSDT,2024-12-06 20:16:31.333+0000,101600.0,,trade,0.00079,0.0,0.0
BINANCE:BTCUSDT,2024-12-06 20:16:31.583+0000,101600.39,,trade,8e-05,0.0,0.0
BINANCE:BTCUSDT,2024-12-06 20:16:31.586+0000,101604.87,,trade,0.00266,1.0,0.0
BINANCE:BTCUSDT,2024-12-06 20:16:31.627+0000,101603.99,,trade,0.01045,0.0,0.0
BINANCE:BTCUSDT,2024-12-06 20:16:31.666+0000,101604.0,,trade,0.00266,0.0,0.0
BINANCE:BTCUSDT,2024-12-06 20:16:31.670+0000,101605.73,,trade,0.00097,0.0,0.0
BINANCE:BTCUSDT,2024-12-06 20:16:31.675+0000,101610.36,,trade,0.00266,1.0,0.0
BINANCE:BTCUSDT,2024-12-06 20:16:31.677+0000,101607.99,,trade,0.00078,0.0,0.0
BINANCE:BTCUSDT,2024-12-06 20:16:31.708+0000,101608.0,,trade,0.00138,0.0,1.0
BINANCE:BTCUSDT,2024-12-06 20:16:31.889+0000,101608.0,,trade,0.00225,0.0,0.0
BINANCE:BTCUSDT,2024-12-06 20:16:31.960+0000,101608.48,,trade,0.00971,1.0,0.0
BINANCE:BTCUSDT,2024-12-06 20:16:32.171+0000,101611.1,,trade,0.1428,0.0,0.0
BINANCE:BTCUSDT,2024-12-06 20:16:32.176+0000,101611.11,,trade,0.00142,0.0,0.0
BINANCE:BTCUSDT,2024-12-06 20:16:32.287+0000,101611.11,,trade,0.04158,0.0,0.0
BINANCE:BTCUSDT,2024-12-06 20:16:32.643+0000,101611.1,,trade,0.00071,0.0,0.0
BINANCE:BTCUSDT,2024-12-06 20:16:32.802+0000,101607.99,,trade,6e-05,0.0,0.0
BINANCE:BTCUSDT,2024-12-06 20:16:32.804+0000,101608.75,,trade,8e-05,1.0,0.0
BINANCE:BTCUSDT,2024-12-06 20:16:32.805+0000,101605.75,,trade,8e-05,0.0,0.0
BINANCE:BTCUSDT,2024-12-06 20:16:32.807+0000,101603.84,,trade,6e-05,1.0,0.0
BINANCE:BTCUSDT,2024-12-06 20:16:32.808+0000,101605.35,,trade,0.00025,0.0,0.0
BINANCE:BTCUSDT,2024-12-06 20:16:32.809+0000,101604.26,,trade,6e-05,0.0,0.0
BINANCE:BTCUSDT,2024-12-06 20:16:32.812+0000,101604.01,,trade,0.00224,0.0,0.0
BINANCE:BTCUSDT,2024-12-06 20:16:32.856+0000,101604.01,,trade,0.0001,0.0,0.0
BINANCE:BTCUSDT,2024-12-06 20:16:32.913+0000,101604.0,,trade,0.0114,0.0,0.0
BINANCE:BTCUSDT,2024-12-06 20:16:33.128+0000,101604.0,,trade,0.0025,0.0,0.0
BINANCE:BTCUSDT,2024-12-06 20:16:33.170+0000,101604.0,,trade,0.01144,0.0,0.0
BINANCE:BTCUSDT,2024-12-06 20:16:33.193+0000,101604.01,,trade,0.0006,0.0,0.0
BINANCE:BTCUSDT,2024-12-06 20:16:33.194+0000,101604.01,,trade,0.00192,0.0,0.0
BINANCE:BTCUSDT,2024-12-06 20:16:33.203+0000,101604.01,,trade,0.00015,0.0,0.0
BINANCE:BTCUSDT,2024-12-06 20:16:33.209+0000,101604.01,,trade,0.00073,0.0,0.0
BINANCE:BTCUSDT,2024-12-06 20:16:33.218+0000,101604.0,,trade,0.00038,0.0,0.0
BINANCE:BTCUSDT,2024-12-06 20:16:33.225+0000,101604.0,,trade,0.02698,0.0,0.0
BINANCE:BTCUSDT,2024-12-06 20:16:33.286+0000,101604.0,,trade,0.08031,0.0,0.0
BINANCE:BTCUSDT,2024-12-06 20:16:33.360+0000,101602.18,,trade,0.03529,0.0,1.0
BINANCE:BTCUSDT,2024-12-06 20:16:33.365+0000,101602.17,,trade,0.00266,0.0,0.0
BINANCE:BTCUSDT,2024-12-06 20:16:33.397+0000,101600.01,,trade,0.00156,0.0,0.0
BINANCE:BTCUSDT,2024-12-06 20:16:33.498+0000,101600.01,,trade,0.03782,0.0,1.0
BINANCE:BTCUSDT,2024-12-06 20:16:33.599+0000,101600.0,,trade,0.06124,0.0,0.0
BINANCE:BTCUSDT,2024-12-06 20:16:33.638+0000,101600.0,,trade,0.00614,0.0,0.0
BINANCE:BTCUSDT,2024-12-06 20:16:33.665+0000,101600.0,,trade,0.0192,0.0,0.0
BINANCE:BTCUSDT,2024-12-06 20:16:33.671+0000,101600.0,,trade,0.00104,0.0,0.0
BINANCE:BTCUSDT,2024-12-06 20:16:33.923+0000,101598.08,,trade,0.00409,1.0,0.0
BINANCE:BTCUSDT,2024-12-06 20:16:34.002+0000,101600.0,,trade,0.00084,0.0,0.0
BINANCE:BTCUSDT,2024-12-06 20:16:34.148+0000,101600.0,,trade,0.00017,0.0,0.0
BINANCE:BTCUSDT,2024-12-06 20:16:34.353+0000,101600.01,,trade,0.00036,0.0,0.0
BINANCE:BTCUSDT,2024-12-06 20:16:34.359+0000,101600.0,,trade,0.0009,0.0,0.0
BINANCE:BTCUSDT,2024-12-06 20:16:34.371+0000,101600.0,,trade,0.00016,0.0,0.0
BINANCE:BTCUSDT,2024-12-06 20:16:34.440+0000,101600.0,,trade,0.04912,0.0,1.0
BINANCE:BTCUSDT,2024-12-06 20:16:34.476+0000,101600.0,,trade,0.12591,0.0,0.0
BINANCE:BTCUSDT,2024-12-06 20:16:34.504+0000,101600.01,,trade,0.0004,0.0,0.0
BINANCE:BTCUSDT,2024-12-06 20:16:34.603+0000,101600.0,,trade,0.00069,0.0,0.0
BINANCE:BTCUSDT,2024-12-06 20:16:34.649+0000,101600.0,,trade,0.00121,0.0,1.0
BINANCE:BTCUSDT,2024-12-06 20:16:34.777+0000,101600.01,,trade,0.00196,0.0,0.0
BINANCE:BTCUSDT,2024-12-06 20:16:34.895+0000,101600.0,,trade,0.00033,0.0,0.0
BINANCE:BTCUSDT,2024-12-06 20:16:35.120+0000,101595.52,,trade,0.00023,1.0,0.0
BINANCE:BTCUSDT,2024-12-06 20:16:35.154+0000,101600.0,,trade,0.00012,0.0,0.0
BINANCE:BTCUSDT,2024-12-06 20:16:35.214+0000,101600.0,,trade,0.00031,0.0,0.0
BINANCE:BTCUSDT,2024-12-06 20:16:35.219+0000,101600.01,,trade,0.00053,0.0,0.0
BINANCE:BTCUSDT,2024-12-06 20:16:35.567+0000,101600.01,,trade,0.19697,0.0,0.0
BINANCE:BTCUSDT,2024-12-06 20:16:35.645+0000,101600.0,,trade,0.1123,0.0,1.0
BINANCE:BTCUSDT,2024-12-06 20:16:35.658+0000,101600.01,,trade,0.00111,0.0,0.0
BINANCE:BTCUSDT,2024-12-06 20:16:35.696+0000,101600.01,,trade,0.00104,0.0,0.0
BINANCE:BTCUSDT,2024-12-06 20:16:35.699+0000,101600.01,,trade,0.00104,0.0,0.0
BINANCE:BTCUSDT,2024-12-06 20:16:36.124+0000,101600.0,,trade,0.00025,0.0,0.0
BINANCE:BTCUSDT,2024-12-06 20:16:36.125+0000,101600.0,,trade,0.00025,0.0,0.0
BINANCE:BTCUSDT,2024-12-06 20:16:36.197+0000,101600.0,,trade,0.00035,0.0,0.0
BINANCE:BTCUSDT,2024-12-06 20:16:36.198+0000,101600.0,,trade,6e-05,0.0,0.0
BINANCE:BTCUSDT,2024-12-06 20:16:36.199+0000,101600.0,,trade,0.00215,0.0,0.0
BINANCE:BTCUSDT,2024-12-06 20:16:36.202+0000,101602.39,,trade,0.096,1.0,0.0
BINANCE:BTCUSDT,2024-12-06 20:16:36.204+0000,101596.89,,trade,0.00266,0.0,0.0
BINANCE:BTCUSDT,2024-12-06 20:16:36.256+0000,101596.88,,trade,0.00166,0.0,1.0
BINANCE:BTCUSDT,2024-12-06 20:16:36.259+0000,101595.87,,trade,0.00025,0.0,0.0
BINANCE:BTCUSDT,2024-12-06 20:16:36.260+0000,101592.01,,trade,0.00106,0.0,0.0
BINANCE:BTCUSDT,2024-12-06 20:16:36.262+0000,101592.0,,trade,0.00025,0.0,0.0
BINANCE:BTCUSDT,2024-12-06 20:16:36.265+0000,101590.5,,trade,0.0002,0.0,0.0
BINANCE:BTCUSDT,2024-12-06 20:16:36.267+0000,101588.49,,trade,0.00098,0.0,0.0
BINANCE:BTCUSDT,2024-12-06 20:16:36.268+0000,101588.23,,trade,0.00025,0.0,0.0
BINANCE:BTCUSDT,2024-12-06 20:16:36.375+0000,101588.24,,trade,0.00015,0.0,0.0
BINANCE:BTCUSDT,2024-12-06 20:16:36.448+0000,101588.01,,trade,0.3249,0.0,0.0
BINANCE:BTCUSDT,2024-12-06 20:16:36.450+0000,101589.61,,trade,0.00161,1.0,0.0
BINANCE:BTCUSDT,2024-12-06 20:16:36.451+0000,101584.0,,trade,0.0006,0.0,0.0
BINANCE:BTCUSDT,2024-12-06 20:16:36.453+0000,101580.01,,trade,6e-05,0.0,0.0
BINANCE:BTCUSDT,2024-12-06 20:16:36.455+0000,101580.0,,trade,0.00121,0.0,0.0
BINANCE:BTCUSDT,2024-12-06 20:16:36.456+0000,101580.0,,trade,0.00025,0.0,0.0
BINANCE:BTCUSDT,2024-12-06 20:16:36.649+0000,101580.01,,trade,0.00039,0.0,0.0
BINANCE:BTCUSDT,2024-12-06 20:16:36.664+0000,101580.01,,trade,0.00019,0.0,0.0
BINANCE:BTCUSDT,2024-12-06 20:16:36.943+0000,101580.0,,trade,0.00918,0.0,0.0
BINANCE:BTCUSDT,2024-12-06 20:16:37.057+0000,101580.01,,trade,0.00037,0.0,0.0
BINANCE:BTCUSDT,2024-12-06 20:16:37.169+0000,101580.0,,trade,0.05486,0.0,0.0
BINANCE:BTCUSDT,2024-12-06 20:16:37.184+0000,101580.01,,trade,9e-05,0.0,0.0
BINANCE:BTCUSDT,2024-12-06 20:16:37.236+0000,101580.01,,trade,0.00016,0.0,0.0
BINANCE:BTCUSDT,2024-12-06 20:16:37.401+0000,101580.01,,trade,0.00104,0.0,0.0
BINANCE:BTCUSDT,2024-12-06 20:16:37.421+0000,101580.01,,trade,0.00036,0.0,0.0
BINANCE:BTCUSDT,2024-12-06 20:16:38.191+0000,101580.01,,trade,0.00116,0.0,0.0
BINANCE:BTCUSDT,2024-12-06 20:16:38.238+0000,101580.0,,trade,0.0628,0.0,0.0
BINANCE:BTCUSDT,2024-12-06 20:16:38.404+0000,101579.94,,trade,0.00011,0.0,0.0
BINANCE:BTCUSDT,2024-12-06 20:16:38.406+0000,101579.17,,trade,0.00185,0.0,0.0
BINANCE:BTCUSDT,2024-12-06 20:16:38.407+0000,101576.19,,trade,0.00025,0.0,0.0
BINANCE:BTCUSDT,2024-12-06 20:16:38.447+0000,101576.19,,trade,0.00492,0.0,0.0
BINANCE:BTCUSDT,2024-12-06 20:16:38.450+0000,101576.19,,trade,0.0001,0.0,0.0
BINANCE:BTCUSDT,2024-12-06 20:16:38.484+0000,101576.2,,trade,0.00098,0.0,0.0
BINANCE:BTCUSDT,2024-12-06 20:16:38.592+0000,101576.19,,trade,0.23662,0.0,0.0
BINANCE:BTCUSDT,2024-12-06 20:16:38.596+0000,101576.04,,trade,0.00266,0.0,0.0
BINANCE:BTCUSDT,2024-12-06 20:16:38.601+0000,101576.01,,trade,0.0002,0.0,0.0
BINANCE:BTCUSDT,2024-12-06 20:16:38.616+0000,101574.87,,trade,6e-05,0.0,0.0
BINANCE:BTCUSDT,2024-12-06 20:16:38.679+0000,101578.64,,trade,0.0192,1.0,0.0
BINANCE:BTCUSDT,2024-12-06 20:16:38.748+0000,101574.86,,trade,0.00233,0.0,0.0
BINANCE:BTCUSDT,2024-12-06 20:16:39.051+0000,101574.86,,trade,0.00081,0.0,0.0
BINANCE:BTCUSDT,2024-12-06 20:16:39.138+0000,101574.87,,trade,0.00013,0.0,0.0
BINANCE:BTCUSDT,2024-12-06 20:16:39.159+0000,101574.86,,trade,0.1439,0.0,0.0
BINANCE:BTCUSDT,2024-12-06 20:16:39.286+0000,101574.87,,trade,0.00049,0.0,0.0
BINANCE:BTCUSDT,2024-12-06 20:16:39.639+0000,101574.86,,trade,0.0192,0.0,0.0
BINANCE:BTCUSDT,2024-12-06 20:16:39.643+0000,101574.18,,trade,0.00023,0.0,0.0
BINANCE:BTCUSDT,2024-12-06 20:16:39.648+0000,101576.42,,trade,0.00121,1.0,1.0
BINANCE:BTCUSDT,2024-12-06 20:16:39.662+0000,101572.01,,trade,0.00126,0.0,1.0
BINANCE:BTCUSDT,2024-12-06 20:16:39.903+0000,101572.01,,trade,0.00012,0.0,0.0
BINANCE:BTCUSDT,2024-12-06 20:16:39.974+0000,101572.0,,trade,0.00033,0.0,0.0
BINANCE:BTCUSDT,2024-12-06 20:16:40.166+0000,101572.0,,trade,0.07334,0.0,0.0
BINANCE:BTCUSDT,2024-12-06 20:16:40.206+0000,101572.0,,trade,0.001,0.0,0.0
BINANCE:BTCUSDT,2024-12-06 20:16:40.359+0000,101572.0,,trade,0.00051,0.0,0.0
BINANCE:BTCUSDT,2024-12-06 20:16:40.806+0000,101572.0,,trade,0.00021,0.0,0.0
BINANCE:BTCUSDT,2024-12-06 20:16:40.810+0000,101569.07,,trade,0.00025,0.0,0.0
BINANCE:BTCUSDT,2024-12-06 20:16:40.811+0000,101568.1,,trade,0.00156,0.0,0.0
BINANCE:BTCUSDT,2024-12-06 20:16:40.830+0000,101568.01,,trade,0.00106,0.0,1.0
BINANCE:BTCUSDT,2024-12-06 20:16:40.831+0000,101568.01,,trade,0.00338,0.0,1.0
BINANCE:BTCUSDT,2024-12-06 20:16:40.849+0000,101566.92,,trade,0.00611,0.0,0.0
BINANCE:BTCUSDT,2024-12-06 20:16:40.851+0000,101564.01,,trade,4e-05,0.0,0.0
BINANCE:BTCUSDT,2024-12-06 20:16:40.852+0000,101568.35,,trade,5e-05,1.0,0.0
BINANCE:BTCUSDT,2024-12-06 20:16:40.854+0000,101564.01,,trade,0.00165,0.0,0.0
BINANCE:BTCUSDT,2024-12-06 20:16:40.961+0000,101564.0,,trade,0.00235,0.0,0.0
BINANCE:BTCUSDT,2024-12-06 20:16:41.122+0000,101564.0,,trade,0.00128,0.0,0.0
BINANCE:BTCUSDT,2024-12-06 20:16:41.168+0000,101564.0,,trade,0.07562,0.0,0.0
BINANCE:BTCUSDT,2024-12-06 20:16:41.466+0000,101564.01,,trade,0.00036,0.0,0.0
BINANCE:BTCUSDT,2024-12-06 20:16:41.636+0000,101564.0,,trade,0.0192,0.0,0.0
BINANCE:BTCUSDT,2024-12-06 20:16:41.993+0000,101564.01,,trade,0.0001,0.0,0.0
BINANCE:BTCUSDT,2024-12-06 20:16:42.190+0000,101564.0,,trade,0.1418,0.0,0.0
BINANCE:BTCUSDT,2024-12-06 20:16:42.381+0000,101564.01,,trade,0.00109,0.0,0.0
BINANCE:BTCUSDT,2024-12-06 20:16:42.434+0000,101564.01,,trade,0.00232,0.0,0.0
BINANCE:BTCUSDT,2024-12-06 20:16:42.844+0000,101564.0,,trade,0.0192,0.0,0.0
BINANCE:BTCUSDT,2024-12-06 20:16:42.988+0000,101564.01,,trade,0.00036,0.0,0.0
BINANCE:BTCUSDT,2024-12-06 20:16:43.160+0000,101564.0,,trade,0.13762,0.0,0.0
BINANCE:BTCUSDT,2024-12-06 20:16:43.456+0000,101564.01,,trade,0.00032,0.0,0.0
BINANCE:BTCUSDT,2024-12-06 20:16:43.634+0000,101564.88,,trade,5e-05,1.0,0.0
BINANCE:BTCUSDT,2024-12-06 20:16:43.935+0000,101564.01,,trade,0.0189,0.0,0.0
BINANCE:BTCUSDT,2024-12-06 20:16:43.965+0000,101564.0,,trade,0.00442,0.0,0.0
BINANCE:BTCUSDT,2024-12-06 20:16:44.276+0000,101564.01,,trade,0.0002,0.0,0.0
BINANCE:BTCUSDT,2024-12-06 20:16:44.510+0000,101564.01,,trade,0.00036,0.0,0.0
BINANCE:BTCUSDT,2024-12-06 20:16:44.610+0000,101564.0,,trade,0.00095,0.0,0.0
BINANCE:BTCUSDT,2024-12-06 20:16:44.661+0000,101564.01,,trade,0.00039,0.0,1.0
BINANCE:BTCUSDT,2024-12-06 20:16:44.769+0000,101564.01,,trade,0.0001,0.0,0.0
BINANCE:BTCUSDT,2024-12-06 20:16:44.874+0000,101564.0,,trade,0.0192,0.0,0.0
BINANCE:BTCUSDT,2024-12-06 20:16:44.964+0000,101564.0,,trade,0.01067,0.0,1.0
BINANCE:BTCUSDT,2024-12-06 20:16:44.998+0000,101564.01,,trade,9e-05,0.0,0.0
BINANCE:BTCUSDT,2024-12-06 20:16:45.141+0000,101564.0,,trade,0.1437,0.0,0.0
BINANCE:BTCUSDT,2024-12-06 20:16:45.205+0000,101564.0,,trade,0.00196,0.0,0.0
BINANCE:BTCUSDT,2024-12-06 20:16:45.238+0000,101564.01,,trade,0.00056,0.0,0.0
BINANCE:BTCUSDT,2024-12-06 20:16:45.290+0000,101564.01,,trade,0.25706,0.0,0.0
BINANCE:BTCUSDT,2024-12-06 20:16:45.341+0000,101564.0,,trade,0.00274,0.0,0.0
BINANCE:BTCUSDT,2024-12-06 20:16:45.842+0000,101564.0,,trade,0.0201,0.0,0.0
BINANCE:BTCUSDT,2024-12-06 20:16:45.894+0000,101564.01,,trade,0.00805,0.0,1.0
BINANCE:BTCUSDT,2024-12-06 20:16:45.990+0000,101564.01,,trade,0.00014,0.0,0.0
BINANCE:BTCUSDT,2024-12-06 20:16:46.169+0000,101564.01,,trade,0.00035,0.0,0.0
BINANCE:BTCUSDT,2024-12-06 20:16:46.340+0000,101564.0,,trade,0.0752,0.0,0.0
BINANCE:BTCUSDT,2024-12-06 20:16:46.431+0000,101564.01,,trade,0.00017,0.0,0.0
BINANCE:BTCUSDT,2024-12-06 20:16:46.546+0000,101564.0,,trade,0.00563,0.0,0.0
BINANCE:BTCUSDT,2024-12-06 20:16:46.629+0000,101564.0,,trade,0.00676,0.0,0.0
BINANCE:BTCUSDT,2024-12-06 20:16:46.943+0000,101564.0,,trade,0.08,0.0,0.0
BINANCE:BTCUSDT,2024-12-06 20:16:47.258+0000,101564.01,,trade,0.00041,0.0,0.0
BINANCE:BTCUSDT,2024-12-06 20:16:47.291+0000,101564.0,,trade,0.00082,0.0,0.0
BINANCE:BTCUSDT,2024-12-06 20:16:47.377+0000,101564.0,,trade,0.10218,0.0,0.0
BINANCE:BTCUSDT,2024-12-06 20:16:47.518+0000,101562.97,,trade,0.008,0.0,0.0
BINANCE:BTCUSDT,2024-12-06 20:16:47.520+0000,101562.84,,trade,0.0035,0.0,1.0
BINANCE:BTCUSDT,2024-12-06 20:16:47.522+0000,101562.83,,trade,0.00019,0.0,1.0
BINANCE:BTCUSDT,2024-12-06 20:16:47.523+0000,101561.11,,trade,0.00025,0.0,0.0
BINANCE:BTCUSDT,2024-12-06 20:16:47.525+0000,101560.75,,trade,0.00266,0.0,0.0
BINANCE:BTCUSDT,2024-12-06 20:16:47.676+0000,101560.75,,trade,0.0001,0.0,0.0
BINANCE:BTCUSDT,2024-12-06 20:16:47.677+0000,101560.31,,trade,0.00206,0.0,0.0
BINANCE:BTCUSDT,2024-12-06 20:16:47.682+0000,101558.82,,trade,0.06654,0.0,0.0
BINANCE:BTCUSDT,2024-12-06 20:16:47.683+0000,101555.87,,trade,5e-05,0.0,0.0
BINANCE:BTCUSDT,2024-12-06 20:16:47.684+0000,101554.79,,trade,0.00035,0.0,0.0
BINANCE:BTCUSDT,2024-12-06 20:16:47.687+0000,101553.84,,trade,0.00024,0.0,0.0
BINANCE:BTCUSDT,2024-12-06 20:16:47.708+0000,101551.4,,trade,8e-05,0.0,0.0
BINANCE:BTCUSDT,2024-12-06 20:16:47.744+0000,101550.0,,trade,0.00025,0.0,0.0
BINANCE:BTCUSDT,2024-12-06 20:16:47.871+0000,101549.23,,trade,0.00526,0.0,0.0
BINANCE:BTCUSDT,2024-12-06 20:16:47.873+0000,101550.92,,trade,0.00162,1.0,0.0
BINANCE:BTCUSDT,2024-12-06 20:16:47.875+0000,101549.21,,trade,0.00025,0.0,0.0
BINANCE:BTCUSDT,2024-12-06 20:16:47.949+0000,101549.21,,trade,0.0231,0.0,0.0
BINANCE:BTCUSDT,2024-12-06 20:16:48.170+0000,101549.22,,trade,0.00101,0.0,0.0
BINANCE:BTCUSDT,2024-12-06 20:16:48.207+0000,101549.21,,trade,0.08975,0.0,0.0
BINANCE:BTCUSDT,2024-12-06 20:16:48.209+0000,101548.74,,trade,0.00025,0.0,0.0
BINANCE:BTCUSDT,2024-12-06 20:16:48.215+0000,101543.09,,trade,6e-05,0.0,0.0
BINANCE:BTCUSDT,2024-12-06 20:16:48.218+0000,101547.03,,trade,0.00015,1.0,0.0
BINANCE:BTCUSDT,2024-12-06 20:16:48.651+0000,101542.41,,trade,0.0192,0.0,0.0
BINANCE:BTCUSDT,2024-12-06 20:16:48.916+0000,101542.42,,trade,0.00014,0.0,0.0
BINANCE:BTCUSDT,2024-12-06 20:16:48.953+0000,101542.41,,trade,0.00035,0.0,0.0
BINANCE:BTCUSDT,2024-12-06 20:16:49.073+0000,101542.41,,trade,0.00217,0.0,0.0
BINANCE:BTCUSDT,2024-12-06 20:16:49.152+0000,101542.52,,trade,0.00026,1.0,0.0
BINANCE:BTCUSDT,2024-12-06 20:16:49.155+0000,101542.41,,trade,0.11701,0.0,0.0
BINANCE:BTCUSDT,2024-12-06 20:16:49.359+0000,101542.42,,trade,0.00387,0.0,0.0
BINANCE:BTCUSDT,2024-12-06 20:16:49.487+0000,101542.41,,trade,0.0004,0.0,0.0
BINANCE:BTCUSDT,2024-12-06 20:16:49.649+0000,101542.41,,trade,0.0192,0.0,0.0
BINANCE:BTCUSDT,2024-12-06 20:16:49.656+0000,101542.42,,trade,0.00014,0.0,0.0
BINANCE:BTCUSDT,2024-12-06 20:16:49.729+0000,101542.42,,trade,0.0027,0.0,0.0
BINANCE:BTCUSDT,2024-12-06 20:16:49.800+0000,101540.4,,trade,0.00172,1.0,0.0
BINANCE:BTCUSDT,2024-12-06 20:16:49.836+0000,101542.41,,trade,0.00261,0.0,0.0
BINANCE:BTCUSDT,2024-12-06 20:16:49.858+0000,101542.41,,trade,0.00273,0.0,0.0
BINANCE:BTCUSDT,2024-12-06 20:16:50.022+0000,101542.41,,trade,0.00395,0.0,0.0
BINANCE:BTCUSDT,2024-12-06 20:16:50.243+0000,101542.42,,trade,0.00195,0.0,0.0
BINANCE:BTCUSDT,2024-12-06 20:16:50.411+0000,101542.42,,trade,0.00014,0.0,0.0
BINANCE:BTCUSDT,2024-12-06 20:16:50.515+0000,101542.41,,trade,0.00605,0.0,0.0
BINANCE:BTCUSDT,2024-12-06 20:16:50.558+0000,101542.41,,trade,0.01713,0.0,0.0
BINANCE:BTCUSDT,2024-12-06 20:16:50.953+0000,101542.42,,trade,0.0015,0.0,0.0
BINANCE:BTCUSDT,2024-12-06 20:16:51.003+0000,101542.42,,trade,0.00187,0.0,0.0
BINANCE:BTCUSDT,2024-12-06 20:16:51.148+0000,101542.41,,trade,0.09819,0.0,0.0
BINANCE:BTCUSDT,2024-12-06 20:16:51.170+0000,101542.42,,trade,0.01407,0.0,0.0
BINANCE:BTCUSDT,2024-12-06 20:16:51.201+0000,101540.79,,trade,0.00014,1.0,0.0
BINANCE:BTCUSDT,2024-12-06 20:16:51.395+0000,101542.41,,trade,0.00227,0.0,0.0
BINANCE:BTCUSDT,2024-12-06 20:16:51.421+0000,101542.42,,trade,0.00044,0.0,0.0
BINANCE:BTCUSDT,2024-12-06 20:16:51.425+0000,101542.42,,trade,0.00157,0.0,0.0
BINANCE:BTCUSDT,2024-12-06 20:16:51.718+0000,101542.41,,trade,0.31387,0.0,0.0
BINANCE:BTCUSDT,2024-12-06 20:16:51.792+0000,101542.42,,trade,0.00014,0.0,0.0
BINANCE:BTCUSDT,2024-12-06 20:16:52.126+0000,101542.41,,trade,0.00037,0.0,0.0
BINANCE:BTCUSDT,2024-12-06 20:16:52.361+0000,101542.41,,trade,0.081,0.0,0.0
BINANCE:BTCUSDT,2024-12-06 20:16:52.474+0000,101542.42,,trade,0.00098,0.0,0.0
BINANCE:BTCUSDT,2024-12-06 20:16:52.536+0000,101542.42,,trade,0.00014,0.0,0.0
BINANCE:BTCUSDT,2024-12-06 20:16:52.669+0000,101542.41,,trade,0.00251,0.0,0.0
BINANCE:BTCUSDT,2024-12-06 20:16:52.829+0000,101542.42,,trade,0.00032,0.0,0.0
BINANCE:BTCUSDT,2024-12-06 20:16:52.845+0000,101542.42,,trade,0.00711,0.0,0.0
BINANCE:BTCUSDT,2024-12-06 20:16:53.157+0000,101542.41,,trade,0.00196,0.0,0.0
BINANCE:BTCUSDT,2024-12-06 20:16:53.296+0000,101542.42,,trade,0.00013,0.0,0.0
BINANCE:BTCUSDT,2024-12-06 20:16:53.308+0000,101542.41,,trade,0.1,0.0,0.0
BINANCE:BTCUSDT,2024-12-06 20:16:53.412+0000,101542.41,,trade,0.02,0.0,0.0
BINANCE:BTCUSDT,2024-12-06 20:16:53.417+0000,101542.41,,trade,0.00098,0.0,0.0
BINANCE:BTCUSDT,2024-12-06 20:16:53.595+0000,101542.41,,trade,0.01,0.0,0.0
BINANCE:BTCUSDT,2024-12-06 20:16:53.819+0000,101542.41,,trade,0.01673,0.0,0.0
BINANCE:BTCUSDT,2024-12-06 20:16:54.011+0000,101542.41,,trade,0.00281,0.0,0.0
BINANCE:BTCUSDT,2024-12-06 20:16:54.046+0000,101542.42,,trade,0.00014,0.0,0.0
BINANCE:BTCUSDT,2024-12-06 20:16:54.068+0000,101542.41,,trade,0.00681,0.0,0.0
BINANCE:BTCUSDT,2024-12-06 20:16:54.115+0000,101542.42,,trade,0.00095,0.0,0.0
BINANCE:BTCUSDT,2024-12-06 20:16:54.297+0000,101542.41,,trade,0.00321,0.0,0.0
BINANCE:BTCUSDT,2024-12-06 20:16:54.379+0000,101542.42,,trade,0.00169,0.0,1.0
BINANCE:BTCUSDT,2024-12-06 20:16:54.596+0000,101542.41,,trade,0.00014,0.0,0.0
BINANCE:BTCUSDT,2024-12-06 20:16:54.843+0000,101542.41,,trade,0.0192,0.0,0.0
BINANCE:BTCUSDT,2024-12-06 20:16:54.949+0000,101542.42,,trade,0.00019,0.0,0.0
BINANCE:BTCUSDT,2024-12-06 20:16:54.989+0000,101542.42,,trade,0.00012,0.0,0.0
BINANCE:BTCUSDT,2024-12-06 20:16:55.292+0000,101544.68,,trade,0.06008,1.0,0.0
BINANCE:BTCUSDT,2024-12-06 20:16:55.333+0000,101542.41,,trade,0.00014,0.0,0.0
BINANCE:BTCUSDT,2024-12-06 20:16:55.449+0000,101542.42,,trade,0.00084,0.0,0.0
BINANCE:BTCUSDT,2024-12-06 20:16:55.849+0000,101542.41,,trade,0.0192,0.0,0.0
BINANCE:BTCUSDT,2024-12-06 20:16:55.861+0000,101542.42,,trade,7e-05,0.0,0.0
BINANCE:BTCUSDT,2024-12-06 20:16:55.963+0000,101542.41,,trade,5e-05,0.0,0.0
BINANCE:BTCUSDT,2024-12-06 20:16:56.152+0000,101542.74,,trade,0.00014,1.0,0.0
BINANCE:BTCUSDT,2024-12-06 20:16:56.361+0000,101542.41,,trade,0.01399,0.0,0.0
BINANCE:BTCUSDT,2024-12-06 20:16:56.644+0000,101542.41,,trade,0.0192,0.0,0.0
BINANCE:BTCUSDT,2024-12-06 20:16:56.659+0000,101542.41,,trade,0.03021,0.0,1.0
BINANCE:BTCUSDT,2024-12-06 20:16:56.870+0000,101538.45,,trade,0.02969,1.0,0.0
BINANCE:BTCUSDT,2024-12-06 20:16:56.907+0000,101542.42,,trade,0.00014,0.0,0.0
BINANCE:BTCUSDT,2024-12-06 20:16:56.961+0000,101542.41,,trade,0.00227,0.0,0.0
BINANCE:BTCUSDT,2024-12-06 20:16:56.962+0000,101542.41,,trade,0.03664,0.0,0.0
BINANCE:BTCUSDT,2024-12-06 20:16:56.977+0000,101542.04,,trade,0.02411,0.0,1.0
BINANCE:BTCUSDT,2024-12-06 20:16:57.170+0000,101542.03,,trade,0.00215,0.0,0.0
BINANCE:BTCUSDT,2024-12-06 20:16:57.172+0000,101542.03,,trade,0.00116,0.0,0.0
BINANCE:BTCUSDT,2024-12-06 20:16:57.175+0000,101542.03,,trade,0.00212,0.0,0.0
BINANCE:BTCUSDT,2024-12-06 20:16:57.183+0000,101542.04,,trade,0.06089,0.0,1.0
BINANCE:BTCUSDT,2024-12-06 20:16:57.346+0000,101542.03,,trade,0.1422,0.0,0.0
BINANCE:BTCUSDT,2024-12-06 20:16:57.540+0000,101541.22,,trade,8e-05,0.0,0.0
BINANCE:BTCUSDT,2024-12-06 20:16:57.561+0000,101541.16,,trade,0.00685,0.0,0.0
BINANCE:BTCUSDT,2024-12-06 20:16:57.563+0000,101540.3,,trade,0.0002,0.0,0.0
BINANCE:BTCUSDT,2024-12-06 20:16:57.572+0000,101540.01,,trade,5e-05,0.0,0.0
BINANCE:BTCUSDT,2024-12-06 20:16:57.573+0000,101540.01,,trade,5e-05,0.0,0.0
BINANCE:BTCUSDT,2024-12-06 20:16:57.591+0000,101539.22,,trade,0.00073,0.0,0.0
BINANCE:BTCUSDT,2024-12-06 20:16:57.593+0000,101537.34,,trade,0.00025,0.0,0.0
BINANCE:BTCUSDT,2024-12-06 20:16:57.608+0000,101536.0,,trade,0.00025,0.0,0.0
BINANCE:BTCUSDT,2024-12-06 20:16:57.624+0000,101536.01,,trade,0.00014,0.0,0.0
BINANCE:BTCUSDT,2024-12-06 20:16:57.646+0000,101535.98,,trade,0.00909,0.0,0.0
BINANCE:BTCUSDT,2024-12-06 20:16:57.649+0000,101535.98,,trade,0.00057,0.0,0.0
BINANCE:BTCUSDT,2024-12-06 20:16:57.651+0000,101535.97,,trade,0.00025,0.0,0.0
BINANCE:BTCUSDT,2024-12-06 20:16:57.669+0000,101534.5,,trade,0.00018,0.0,1.0
BINANCE:BTCUSDT,2024-12-06 20:16:57.673+0000,101533.03,,trade,5e-05,0.0,0.0
BINANCE:BTCUSDT,2024-12-06 20:16:57.676+0000,101533.03,,trade,5e-05,0.0,0.0
BINANCE:BTCUSDT,2024-12-06 20:16:57.677+0000,101533.02,,trade,0.00226,0.0,0.0
BINANCE:BTCUSDT,2024-12-06 20:16:58.333+0000,101532.28,,trade,0.1426,1.0,0.0
BINANCE:BTCUSDT,2024-12-06 20:16:58.362+0000,101533.03,,trade,0.00014,0.0,0.0
BINANCE:BTCUSDT,2024-12-06 20:16:58.471+0000,101533.03,,trade,0.00394,0.0,0.0
BINANCE:BTCUSDT,2024-12-06 20:16:58.564+0000,101533.02,,trade,0.01607,0.0,0.0
BINANCE:BTCUSDT,2024-12-06 20:16:58.777+0000,101533.02,,trade,0.00393,0.0,0.0
BINANCE:BTCUSDT,2024-12-06 20:16:58.883+0000,101533.02,,trade,0.0192,0.0,0.0
BINANCE:BTCUSDT,2024-12-06 20:16:58.997+0000,101533.03,,trade,0.16754,0.0,0.0
BINANCE:BTCUSDT,2024-12-06 20:16:59.073+0000,101533.03,,trade,0.00057,0.0,0.0
BINANCE:BTCUSDT,2024-12-06 20:16:59.079+0000,101533.03,,trade,0.0234,0.0,0.0
BINANCE:BTCUSDT,2024-12-06 20:16:59.084+0000,101533.03,,trade,0.0234,0.0,0.0
BINANCE:BTCUSDT,2024-12-06 20:16:59.089+0000,101533.03,,trade,0.001,0.0,0.0
BINANCE:BTCUSDT,2024-12-06 20:16:59.093+0000,101533.03,,trade,0.0234,0.0,0.0
BINANCE:BTCUSDT,2024-12-06 20:16:59.102+0000,101533.03,,trade,0.0145,0.0,1.0
BINANCE:BTCUSDT,2024-12-06 20:16:59.108+0000,101533.03,,trade,0.001,0.0,0.0
BINANCE:BTCUSDT,2024-12-06 20:16:59.113+0000,101533.03,,trade,0.01035,0.0,0.0
BINANCE:BTCUSDT,2024-12-06 20:16:59.115+0000,101539.99,,trade,0.00647,0.0,1.0
BINANCE:BTCUSDT,2024-12-06 20:16:59.117+0000,101542.4,,trade,0.00165,0.0,0.0
BINANCE:BTCUSDT,2024-12-06 20:16:59.142+0000,101542.42,,trade,2e-05,0.0,0.0
BINANCE:BTCUSDT,2024-12-06 20:16:59.181+0000,101542.43,,trade,0.01248,0.0,0.0
BINANCE:BTCUSDT,2024-12-06 20:16:59.183+0000,101547.07,,trade,6e-05,1.0,0.0
BINANCE:BTCUSDT,2024-12-06 20:16:59.186+0000,101545.22,,trade,6e-05,0.0,0.0
BINANCE:BTCUSDT,2024-12-06 20:16:59.189+0000,101545.06,,trade,0.00011,1.0,0.0
BINANCE:BTCUSDT,2024-12-06 20:16:59.192+0000,101547.31,,trade,0.00014,1.0,0.0
BINANCE:BTCUSDT,2024-12-06 20:16:59.194+0000,101545.31,,trade,0.00014,0.0,0.0
BINANCE:BTCUSDT,2024-12-06 20:16:59.200+0000,101545.31,,trade,0.00035,0.0,0.0
BINANCE:BTCUSDT,2024-12-06 20:16:59.216+0000,101547.55,,trade,0.00025,0.0,0.0
BINANCE:BTCUSDT,2024-12-06 20:16:59.220+0000,101547.55,,trade,0.00367,0.0,0.0
BINANCE:BTCUSDT,2024-12-06 20:16:59.305+0000,101547.56,,trade,0.00618,0.0,0.0
BINANCE:BTCUSDT,2024-12-06 20:16:59.311+0000,101547.55,,trade,0.0002,0.0,0.0
BINANCE:BTCUSDT,2024-12-06 20:16:59.315+0000,101548.0,,trade,0.00194,0.0,0.0
BINANCE:BTCUSDT,2024-12-06 20:16:59.320+0000,101548.0,,trade,0.03472,0.0,0.0
BINANCE:BTCUSDT,2024-12-06 20:16:59.335+0000,101545.55,,trade,0.00035,1.0,0.0
BINANCE:BTCUSDT,2024-12-06 20:16:59.352+0000,101547.99,,trade,0.1438,0.0,0.0
BINANCE:BTCUSDT,2024-12-06 20:16:59.472+0000,101547.99,,trade,5e-05,0.0,0.0
BINANCE:BTCUSDT,2024-12-06 20:16:59.568+0000,101547.99,,trade,8e-05,0.0,0.0
BINANCE:BTCUSDT,2024-12-06 20:16:59.627+0000,101548.0,,trade,0.00599,0.0,0.0
BINANCE:BTCUSDT,2024-12-06 20:16:59.707+0000,101551.34,,trade,0.00019,0.0,0.0
BINANCE:BTCUSDT,2024-12-06 20:16:59.791+0000,101553.36,,trade,8e-05,0.0,0.0
BINANCE:BTCUSDT,2024-12-06 20:16:59.793+0000,101554.37,,trade,8e-05,0.0,0.0
BINANCE:BTCUSDT,2024-12-06 20:16:59.796+0000,101550.82,,trade,0.00025,1.0,0.0
BINANCE:BTCUSDT,2024-12-06 20:16:59.798+0000,101555.99,,trade,0.00025,0.0,1.0
BINANCE:BTCUSDT,2024-12-06 20:16:59.800+0000,101558.18,,trade,0.00025,1.0,0.0
BINANCE:BTCUSDT,2024-12-06 20:16:59.801+0000,101559.49,,trade,0.00011,0.0,0.0
BINANCE:BTCUSDT,2024-12-06 20:16:59.805+0000,101560.0,,trade,0.00014,0.0,1.0
BINANCE:BTCUSDT,2024-12-06 20:16:59.807+0000,101555.58,,trade,0.00025,1.0,0.0
BINANCE:BTCUSDT,2024-12-06 20:16:59.841+0000,101560.0,,trade,0.01969,0.0,0.0
BINANCE:BTCUSDT,2024-12-06 20:16:59.862+0000,101562.73,,trade,0.00025,0.0,0.0
BINANCE:BTCUSDT,2024-12-06 20:16:59.863+0000,101562.84,,trade,0.00025,0.0,0.0
BINANCE:BTCUSDT,2024-12-06 20:16:59.864+0000,101562.84,,trade,0.00025,0.0,0.0
BINANCE:BTCUSDT,2024-12-06 20:16:59.865+0000,101566.14,,trade,0.01048,1.0,1.0
BINANCE:BTCUSDT,2024-12-06 20:16:59.868+0000,101562.84,,trade,0.0192,0.0,0.0
BINANCE:BTCUSDT,2024-12-06 20:16:59.871+0000,101564.48,,trade,0.00035,0.0,0.0
BINANCE:BTCUSDT,2024-12-06 20:16:59.880+0000,101564.49,,trade,0.00154,0.0,0.0
BINANCE:BTCUSDT,2024-12-06 20:16:59.888+0000,101565.03,,trade,0.00025,0.0,0.0
BINANCE:BTCUSDT,2024-12-06 20:16:59.901+0000,101567.93,,trade,0.00161,0.0,0.0
BINANCE:BTCUSDT,2024-12-06 20:16:59.922+0000,101567.99,,trade,8e-05,0.0,0.0
BINANCE:BTCUSDT,2024-12-06 20:16:59.925+0000,101567.99,,trade,6e-05,0.0,0.0
BINANCE:BTCUSDT,2024-12-06 20:16:59.928+0000,101568.31,,trade,0.003,0.0,0.0
BINANCE:BTCUSDT,2024-12-06 20:16:59.936+0000,101570.0,,trade,0.00188,0.0,0.0
BINANCE:BTCUSDT,2024-12-06 20:16:59.939+0000,101570.0,,trade,0.00025,0.0,0.0
BINANCE:BTCUSDT,2024-12-06 20:16:59.992+0000,101569.99,,trade,0.00019,0.0,0.0
BINANCE:BTCUSDT,2024-12-06 20:17:00.012+0000,101570.0,,trade,0.00372,0.0,0.0
BINANCE:BTCUSDT,2024-12-06 20:17:00.092+0000,101570.0,,trade,0.0147,0.0,0.0
BINANCE:BTCUSDT,2024-12-06 20:17:00.130+0000,101570.0,,trade,0.00599,0.0,0.0
BINANCE:BTCUSDT,2024-12-06 20:17:00.617+0000,101570.0,,trade,0.00043,0.0,0.0
BINANCE:BTCUSDT,2024-12-06 20:17:00.628+0000,101570.0,,trade,0.00599,0.0,0.0
BINANCE:BTCUSDT,2024-12-06 20:17:00.650+0000,101569.99,,trade,6e-05,0.0,0.0
BINANCE:BTCUSDT,2024-12-06 20:17:00.680+0000,101569.99,,trade,0.025,0.0,0.0
BINANCE:BTCUSDT,2024-12-06 20:17:00.729+0000,101570.0,,trade,0.0002,0.0,0.0
BINANCE:BTCUSDT,2024-12-06 20:17:00.973+0000,101570.0,,trade,0.00092,0.0,0.0
BINANCE:BTCUSDT,2024-12-06 20:17:00.975+0000,101570.0,,trade,0.00097,0.0,0.0
BINANCE:BTCUSDT,2024-12-06 20:17:01.029+0000,101569.99,,trade,0.00122,0.0,0.0
BINANCE:BTCUSDT,2024-12-06 20:17:01.067+0000,101569.99,,trade,0.00094,0.0,0.0
BINANCE:BTCUSDT,2024-12-06 20:17:01.106+0000,101566.29,,trade,0.0004,1.0,0.0
BINANCE:BTCUSDT,2024-12-06 20:17:01.128+0000,101570.0,,trade,0.00599,0.0,0.0
BINANCE:BTCUSDT,2024-12-06 20:17:01.351+0000,101569.99,,trade,0.07996,0.0,0.0
BINANCE:BTCUSDT,2024-12-06 20:17:01.629+0000,101570.0,,trade,0.00599,0.0,0.0
BINANCE:BTCUSDT,2024-12-06 20:17:01.692+0000,101569.14,,trade,0.04269,1.0,1.0
BINANCE:BTCUSDT,2024-12-06 20:17:01.776+0000,101569.99,,trade,0.09321,0.0,0.0
BINANCE:BTCUSDT,2024-12-06 20:17:01.778+0000,101570.0,,trade,0.0007,0.0,0.0
BINANCE:BTCUSDT,2024-12-06 20:17:01.783+0000,101570.0,,trade,0.00063,0.0,0.0
BINANCE:BTCUSDT,2024-12-06 20:17:01.813+0000,101570.0,,trade,0.00495,0.0,0.0
BINANCE:BTCUSDT,2024-12-06 20:17:01.915+0000,101569.99,,trade,0.00271,0.0,1.0
BINANCE:BTCUSDT,2024-12-06 20:17:01.924+0000,101570.0,,trade,0.0006,0.0,0.0
BINANCE:BTCUSDT,2024-12-06 20:17:01.949+0000,101570.0,,trade,0.001,0.0,0.0
BINANCE:BTCUSDT,2024-12-06 20:17:02.130+0000,101570.0,,trade,0.00599,0.0,0.0
BINANCE:BTCUSDT,2024-12-06 20:17:02.220+0000,101570.0,,trade,0.00049,0.0,0.0
BINANCE:BTCUSDT,2024-12-06 20:17:02.274+0000,101570.0,,trade,0.00154,0.0,0.0
BINANCE:BTCUSDT,2024-12-06 20:17:02.343+0000,101570.0,,trade,0.00854,0.0,0.0
BINANCE:BTCUSDT,2024-12-06 20:17:02.348+0000,101570.0,,trade,0.0231,0.0,0.0
BINANCE:BTCUSDT,2024-12-06 20:17:02.379+0000,101569.99,,trade,0.00016,0.0,0.0
BINANCE:BTCUSDT,2024-12-06 20:17:02.450+0000,101569.99,,trade,0.00018,0.0,0.0
BINANCE:BTCUSDT,2024-12-06 20:17:02.559+0000,101569.99,,trade,0.1437,0.0,0.0
BINANCE:BTCUSDT,2024-12-06 20:17:02.866+0000,101569.99,,trade,0.02443,0.0,0.0
BINANCE:BTCUSDT,2024-12-06 20:17:03.410+0000,101569.99,,trade,0.0558,0.0,1.0
BINANCE:BTCUSDT,2024-12-06 20:17:03.483+0000,101569.99,,trade,0.11076,0.0,0.0
BINANCE:BTCUSDT,2024-12-06 20:17:03.487+0000,101569.99,,trade,0.05301,0.0,1.0
BINANCE:BTCUSDT,2024-12-06 20:17:03.633+0000,101569.99,,trade,0.00017,0.0,0.0
BINANCE:BTCUSDT,2024-12-06 20:17:03.961+0000,101570.0,,trade,0.07465,0.0,0.0
BINANCE:BTCUSDT,2024-12-06 20:17:04.102+0000,101569.99,,trade,0.00298,0.0,0.0
BINANCE:BTCUSDT,2024-12-06 20:17:04.151+0000,101569.99,,trade,0.1083,0.0,0.0
BINANCE:BTCUSDT,2024-12-06 20:17:04.246+0000,101570.0,,trade,0.04452,0.0,1.0
BINANCE:BTCUSDT,2024-12-06 20:17:04.346+0000,101569.99,,trade,0.00052,0.0,0.0
BINANCE:BTCUSDT,2024-12-06 20:17:04.676+0000,101572.87,,trade,0.00198,1.0,0.0
BINANCE:BTCUSDT,2024-12-06 20:17:04.940+0000,101569.99,,trade,0.00087,0.0,0.0
BINANCE:BTCUSDT,2024-12-06 20:17:04.948+0000,101569.99,,trade,0.00035,0.0,0.0
BINANCE:BTCUSDT,2024-12-06 20:17:05.152+0000,101570.0,,trade,0.01186,0.0,0.0
BINANCE:BTCUSDT,2024-12-06 20:17:05.170+0000,101570.35,,trade,0.0002,1.0,0.0
BINANCE:BTCUSDT,2024-12-06 20:17:05.328+0000,101569.99,,trade,0.08762,0.0,0.0
BINANCE:BTCUSDT,2024-12-06 20:17:05.424+0000,101570.0,,trade,0.00015,0.0,0.0
BINANCE:BTCUSDT,2024-12-06 20:17:05.758+0000,101569.99,,trade,0.00621,0.0,1.0
BINANCE:BTCUSDT,2024-12-06 20:17:05.967+0000,101566.55,,trade,0.00984,1.0,0.0
BINANCE:BTCUSDT,2024-12-06 20:17:06.037+0000,101569.99,,trade,0.00074,0.0,0.0
BINANCE:BTCUSDT,2024-12-06 20:17:06.277+0000,101571.99,,trade,0.00051,0.0,0.0
BINANCE:BTCUSDT,2024-12-06 20:17:06.279+0000,101573.84,,trade,0.00212,1.0,0.0
BINANCE:BTCUSDT,2024-12-06 20:17:06.283+0000,101572.0,,trade,0.00573,0.0,1.0
BINANCE:BTCUSDT,2024-12-06 20:17:06.291+0000,101572.0,,trade,0.01056,0.0,0.0
BINANCE:BTCUSDT,2024-12-06 20:17:06.297+0000,101572.0,,trade,0.00134,0.0,0.0
BINANCE:BTCUSDT,2024-12-06 20:17:06.302+0000,101572.0,,trade,0.00514,0.0,0.0
BINANCE:BTCUSDT,2024-12-06 20:17:06.374+0000,101571.99,,trade,0.001,0.0,0.0
BINANCE:BTCUSDT,2024-12-06 20:17:06.568+0000,101572.0,,trade,0.00392,0.0,0.0
BINANCE:BTCUSDT,2024-12-06 20:17:06.883+0000,101571.99,,trade,0.00048,0.0,0.0
BINANCE:BTCUSDT,2024-12-06 20:17:07.319+0000,101576.21,,trade,0.00018,1.0,0.0
BINANCE:BTCUSDT,2024-12-06 20:17:07.511+0000,101571.99,,trade,0.02597,0.0,0.0
BINANCE:BTCUSDT,2024-12-06 20:17:07.758+0000,101572.0,,trade,0.0048,0.0,0.0
BINANCE:BTCUSDT,2024-12-06 20:17:07.869+0000,101571.99,,trade,6e-05,0.0,0.0
BINANCE:BTCUSDT,2024-12-06 20:17:07.897+0000,101571.98,,trade,0.00098,0.0,0.0
BINANCE:BTCUSDT,2024-12-06 20:17:07.899+0000,101570.0,,trade,0.00079,0.0,1.0
BINANCE:BTCUSDT,2024-12-06 20:17:07.901+0000,101569.99,,trade,0.00025,0.0,0.0
BINANCE:BTCUSDT,2024-12-06 20:17:07.975+0000,101569.99,,trade,0.00042,0.0,0.0
BINANCE:BTCUSDT,2024-12-06 20:17:07.981+0000,101571.14,,trade,0.04922,1.0,0.0
BINANCE:BTCUSDT,2024-12-06 20:17:07.982+0000,101568.28,,trade,0.18539,0.0,0.0
BINANCE:BTCUSDT,2024-12-06 20:17:07.984+0000,101564.49,,trade,0.0001,0.0,0.0
BINANCE:BTCUSDT,2024-12-06 20:17:07.987+0000,101564.49,,trade,0.00014,0.0,0.0
BINANCE:BTCUSDT,2024-12-06 20:17:08.005+0000,101564.32,,trade,8e-05,0.0,0.0
BINANCE:BTCUSDT,2024-12-06 20:17:08.561+0000,101564.31,,trade,0.004,0.0,0.0
BINANCE:BTCUSDT,2024-12-06 20:17:08.676+0000,101564.31,,trade,0.00097,0.0,0.0
BINANCE:BTCUSDT,2024-12-06 20:17:08.746+0000,101564.31,,trade,0.023,0.0,0.0
BINANCE:BTCUSDT,2024-12-06 20:17:08.841+0000,101564.31,,trade,0.00866,0.0,1.0
BINANCE:BTCUSDT,2024-12-06 20:17:09.022+0000,101564.31,,trade,0.00016,0.0,0.0
BINANCE:BTCUSDT,2024-12-06 20:17:09.340+0000,101557.98,,trade,0.02668,0.0,0.0
BINANCE:BTCUSDT,2024-12-06 20:17:09.644+0000,101557.98,,trade,0.09846,0.0,0.0
BINANCE:BTCUSDT,2024-12-06 20:17:09.800+0000,101558.17,,trade,0.00019,1.0,0.0
BINANCE:BTCUSDT,2024-12-06 20:17:09.851+0000,101557.97,,trade,0.01916,0.0,0.0
BINANCE:BTCUSDT,2024-12-06 20:17:09.889+0000,101557.97,,trade,0.00783,0.0,1.0
BINANCE:BTCUSDT,2024-12-06 20:17:09.982+0000,101557.98,,trade,5e-05,0.0,0.0
BINANCE:BTCUSDT,2024-12-06 20:17:10.149+0000,101557.98,,trade,0.00256,0.0,0.0
BINANCE:BTCUSDT,2024-12-06 20:17:10.157+0000,101557.97,,trade,0.09256,0.0,0.0
BINANCE:BTCUSDT,2024-12-06 20:17:10.576+0000,101557.97,,trade,0.00043,0.0,0.0
BINANCE:BTCUSDT,2024-12-06 20:17:10.650+0000,101557.97,,trade,0.0193,0.0,0.0
BINANCE:BTCUSDT,2024-12-06 20:17:10.851+0000,101555.65,,trade,0.01079,1.0,1.0
BINANCE:BTCUSDT,2024-12-06 20:17:10.983+0000,101557.98,,trade,0.00327,0.0,0.0
BINANCE:BTCUSDT,2024-12-06 20:17:11.039+0000,101557.97,,trade,0.00203,0.0,1.0
BINANCE:BTCUSDT,2024-12-06 20:17:11.177+0000,101553.85,,trade,0.00097,1.0,0.0
BINANCE:BTCUSDT,2024-12-06 20:17:11.355+0000,101557.97,,trade,0.08584,0.0,0.0
BINANCE:BTCUSDT,2024-12-06 20:17:11.471+0000,101557.98,,trade,0.00237,0.0,0.0
BINANCE:BTCUSDT,2024-12-06 20:17:11.529+0000,101557.97,,trade,0.00023,0.0,0.0
BINANCE:BTCUSDT,2024-12-06 20:17:11.630+0000,101557.97,,trade,0.0016,0.0,0.0
BINANCE:BTCUSDT,2024-12-06 20:17:11.635+0000,101557.97,,trade,0.0192,0.0,0.0
BINANCE:BTCUSDT,2024-12-06 20:17:11.771+0000,101557.97,,trade,6e-05,0.0,0.0
BINANCE:BTCUSDT,2024-12-06 20:17:11.854+0000,101557.97,,trade,6e-05,0.0,0.0
BINANCE:BTCUSDT,2024-12-06 20:17:12.015+0000,101557.97,,trade,0.00233,0.0,0.0
BINANCE:BTCUSDT,2024-12-06 20:17:12.215+0000,101557.97,,trade,0.00456,0.0,0.0
BINANCE:BTCUSDT,2024-12-06 20:17:12.654+0000,101557.97,,trade,0.0194,0.0,0.0
BINANCE:BTCUSDT,2024-12-06 20:17:12.946+0000,101557.97,,trade,0.00022,0.0,0.0
BINANCE:BTCUSDT,2024-12-06 20:17:13.072+0000,101555.7,,trade,0.12448,1.0,0.0
BINANCE:BTCUSDT,2024-12-06 20:17:13.191+0000,101557.98,,trade,0.0003,0.0,0.0
BINANCE:BTCUSDT,2024-12-06 20:17:13.269+0000,101557.97,,trade,0.00814,0.0,0.0
BINANCE:BTCUSDT,2024-12-06 20:17:14.155+0000,101557.98,,trade,0.01053,0.0,0.0
BINANCE:BTCUSDT,2024-12-06 20:17:14.212+0000,101558.28,,trade,0.00148,1.0,0.0
BINANCE:BTCUSDT,2024-12-06 20:17:14.286+0000,101560.72,,trade,0.00039,1.0,0.0
BINANCE:BTCUSDT,2024-12-06 20:17:14.354+0000,101557.98,,trade,0.00717,0.0,0.0
BINANCE:BTCUSDT,2024-12-06 20:17:14.649+0000,101557.97,,trade,0.0065,0.0,1.0
BINANCE:BTCUSDT,2024-12-06 20:17:14.826+0000,101557.97,,trade,0.00387,0.0,0.0
BINANCE:BTCUSDT,2024-12-06 20:17:15.046+0000,101561.07,,trade,0.00026,1.0,0.0
BINANCE:BTCUSDT,2024-12-06 20:17:15.059+0000,101557.97,,trade,0.00012,0.0,0.0
BINANCE:BTCUSDT,2024-12-06 20:17:15.142+0000,101557.98,,trade,0.00049,0.0,0.0
BINANCE:BTCUSDT,2024-12-06 20:17:15.178+0000,101556.32,,trade,0.08236,1.0,0.0
BINANCE:BTCUSDT,2024-12-06 20:17:15.367+0000,101557.98,,trade,0.00131,0.0,0.0
BINANCE:BTCUSDT,2024-12-06 20:17:15.679+0000,101557.97,,trade,0.00027,0.0,0.0
BINANCE:BTCUSDT,2024-12-06 20:17:15.794+0000,101557.97,,trade,0.00259,0.0,0.0
BINANCE:BTCUSDT,2024-12-06 20:17:15.957+0000,101557.97,,trade,0.00019,0.0,0.0
BINANCE:BTCUSDT,2024-12-06 20:17:15.979+0000,101557.98,,trade,0.06906,0.0,1.0
BINANCE:BTCUSDT,2024-12-06 20:17:16.182+0000,101557.97,,trade,0.1416,0.0,0.0
BINANCE:BTCUSDT,2024-12-06 20:17:16.212+0000,101557.98,,trade,0.00278,0.0,0.0
BINANCE:BTCUSDT,2024-12-06 20:17:16.224+0000,101557.98,,trade,0.00256,0.0,0.0
BINANCE:BTCUSDT,2024-12-06 20:17:16.287+0000,101557.98,,trade,8e-05,0.0,0.0
BINANCE:BTCUSDT,2024-12-06 20:17:16.529+0000,101561.04,,trade,0.0003,1.0,0.0
BINANCE:BTCUSDT,2024-12-06 20:17:16.606+0000,101557.98,,trade,0.00303,0.0,0.0
BINANCE:BTCUSDT,2024-12-06 20:17:16.622+0000,101557.98,,trade,0.00022,0.0,0.0
BINANCE:BTCUSDT,2024-12-06 20:17:16.858+0000,101557.97,,trade,0.0192,0.0,0.0
BINANCE:BTCUSDT,2024-12-06 20:17:17.311+0000,101557.97,,trade,0.00134,0.0,0.0
BINANCE:BTCUSDT,2024-12-06 20:17:17.410+0000,101557.97,,trade,0.0011,0.0,0.0
BINANCE:BTCUSDT,2024-12-06 20:17:17.547+0000,101557.98,,trade,0.02309,0.0,0.0
BINANCE:BTCUSDT,2024-12-06 20:17:17.857+0000,101557.97,,trade,0.0192,0.0,0.0
BINANCE:BTCUSDT,2024-12-06 20:17:17.921+0000,101557.97,,trade,0.01423,0.0,0.0
BINANCE:BTCUSDT,2024-12-06 20:17:18.066+0000,101557.97,,trade,7e-05,0.0,0.0
BINANCE:BTCUSDT,2024-12-06 20:17:18.102+0000,101555.96,,trade,8e-05,1.0,0.0
BINANCE:BTCUSDT,2024-12-06 20:17:18.563+0000,101557.97,,trade,0.0001,0.0,0.0
BINANCE:BTCUSDT,2024-12-06 20:17:18.686+0000,101557.97,,trade,0.0005,0.0,0.0
BINANCE:BTCUSDT,2024-12-06 20:17:18.723+0000,101557.97,,trade,0.0002,0.0,0.0
BINANCE:BTCUSDT,2024-12-06 20:17:18.806+0000,101557.97,,trade,0.00347,0.0,0.0
BINANCE:BTCUSDT,2024-12-06 20:17:19.031+0000,101557.97,,trade,0.03098,0.0,0.0
BINANCE:BTCUSDT,2024-12-06 20:17:19.037+0000,101557.97,,trade,0.00028,0.0,0.0
BINANCE:BTCUSDT,2024-12-06 20:17:19.381+0000,101557.98,,trade,0.00032,0.0,0.0
BINANCE:BTCUSDT,2024-12-06 20:17:19.393+0000,101557.97,,trade,0.00984,0.0,0.0
BINANCE:BTCUSDT,2024-12-06 20:17:19.409+0000,101556.84,,trade,0.00097,1.0,0.0
BINANCE:BTCUSDT,2024-12-06 20:17:19.434+0000,101557.97,,trade,5e-05,0.0,0.0
BINANCE:BTCUSDT,2024-12-06 20:17:19.766+0000,101557.97,,trade,0.00171,0.0,0.0
BINANCE:BTCUSDT,2024-12-06 20:17:19.965+0000,101557.98,,trade,0.00041,0.0,0.0
BINANCE:BTCUSDT,2024-12-06 20:17:20.013+0000,101557.98,,trade,0.0001,0.0,0.0
BINANCE:BTCUSDT,2024-12-06 20:17:20.015+0000,101557.98,,trade,0.21489,0.0,0.0
BINANCE:BTCUSDT,2024-12-06 20:17:20.016+0000,101560.22,,trade,0.07795,0.0,0.0
BINANCE:BTCUSDT,2024-12-06 20:17:20.018+0000,101560.22,,trade,0.00025,0.0,0.0
BINANCE:BTCUSDT,2024-12-06 20:17:20.019+0000,101563.99,,trade,0.00793,0.0,0.0
BINANCE:BTCUSDT,2024-12-06 20:17:20.021+0000,101563.98,,trade,0.00082,0.0,0.0
BINANCE:BTCUSDT,2024-12-06 20:17:20.022+0000,101564.65,,trade,6e-05,0.0,0.0
BINANCE:BTCUSDT,2024-12-06 20:17:20.023+0000,101564.87,,trade,8e-05,0.0,0.0
BINANCE:BTCUSDT,2024-12-06 20:17:20.024+0000,101564.96,,trade,0.00266,0.0,0.0
BINANCE:BTCUSDT,2024-12-06 20:17:20.028+0000,101564.96,,trade,0.00025,0.0,0.0
BINANCE:BTCUSDT,2024-12-06 20:17:20.029+0000,101567.99,,trade,0.00025,0.0,0.0
BINANCE:BTCUSDT,2024-12-06 20:17:20.030+0000,101567.99,,trade,0.00266,0.0,0.0
BINANCE:BTCUSDT,2024-12-06 20:17:20.050+0000,101568.0,,trade,0.0108,0.0,1.0
BINANCE:BTCUSDT,2024-12-06 20:17:20.114+0000,101568.0,,trade,0.02115,0.0,0.0
BINANCE:BTCUSDT,2024-12-06 20:17:20.159+0000,101568.0,,trade,0.01583,0.0,0.0
BINANCE:BTCUSDT,2024-12-06 20:17:20.164+0000,101568.0,,trade,0.02007,0.0,0.0
BINANCE:BTCUSDT,2024-12-06 20:17:20.732+0000,101568.0,,trade,0.01016,0.0,0.0
BINANCE:BTCUSDT,2024-12-06 20:17:20.835+0000,101568.0,,trade,0.0118,0.0,0.0
BINANCE:BTCUSDT,2024-12-06 20:17:20.836+0000,101568.0,,trade,0.01181,0.0,0.0
BINANCE:BTCUSDT,2024-12-06 20:17:21.399+0000,101568.0,,trade,0.00268,0.0,0.0
BINANCE:BTCUSDT,2024-12-06 20:17:21.458+0000,101567.99,,trade,7e-05,0.0,0.0
BINANCE:BTCUSDT,2024-12-06 20:17:21.503+0000,101568.43,,trade,0.00027,1.0,0.0
BINANCE:BTCUSDT,2024-12-06 20:17:21.621+0000,101567.99,,trade,0.00148,0.0,0.0
BINANCE:BTCUSDT,2024-12-06 20:17:21.816+0000,101567.99,,trade,0.00097,0.0,0.0
BINANCE:BTCUSDT,2024-12-06 20:17:21.867+0000,101568.0,,trade,0.01966,0.0,0.0
BINANCE:BTCUSDT,2024-12-06 20:17:21.944+0000,101567.99,,trade,5e-05,0.0,0.0
BINANCE:BTCUSDT,2024-12-06 20:17:22.188+0000,101568.0,,trade,0.05332,0.0,0.0
BINANCE:BTCUSDT,2024-12-06 20:17:22.342+0000,101567.99,,trade,0.00097,0.0,0.0
BINANCE:BTCUSDT,2024-12-06 20:17:22.693+0000,101567.99,,trade,0.00106,0.0,0.0
BINANCE:BTCUSDT,2024-12-06 20:17:22.721+0000,101568.0,,trade,0.00023,0.0,0.0
BINANCE:BTCUSDT,2024-12-06 20:17:22.755+0000,101568.0,,trade,0.00021,0.0,0.0
BINANCE:BTCUSDT,2024-12-06 20:17:22.785+0000,101567.99,,trade,0.0002,0.0,0.0
BINANCE:BTCUSDT,2024-12-06 20:17:22.970+0000,101567.99,,trade,0.00705,0.0,1.0
BINANCE:BTCUSDT,2024-12-06 20:17:23.053+0000,101568.0,,trade,0.01776,0.0,0.0
BINANCE:BTCUSDT,2024-12-06 20:17:23.286+0000,101568.0,,trade,0.2548,0.0,0.0
BINANCE:BTCUSDT,2024-12-06 20:17:23.539+0000,101567.99,,trade,9e-05,0.0,0.0
BINANCE:BTCUSDT,2024-12-06 20:17:23.589+0000,101568.0,,trade,0.00369,0.0,0.0
BINANCE:BTCUSDT,2024-12-06 20:17:23.936+0000,101568.0,,trade,0.0001,0.0,0.0
BINANCE:BTCUSDT,2024-12-06 20:17:24.166+0000,101567.99,,trade,0.29442,0.0,0.0
BINANCE:BTCUSDT,2024-12-06 20:17:24.351+0000,101567.99,,trade,0.1417,0.0,0.0
BINANCE:BTCUSDT,2024-12-06 20:17:24.373+0000,101567.78,,trade,8e-05,1.0,0.0
BINANCE:BTCUSDT,2024-12-06 20:17:24.558+0000,101570.48,,trade,0.00547,1.0,0.0
BINANCE:BTCUSDT,2024-12-06 20:17:24.571+0000,101566.77,,trade,0.00032,0.0,0.0
BINANCE:BTCUSDT,2024-12-06 20:17:24.797+0000,101566.76,,trade,0.00079,0.0,0.0
BINANCE:BTCUSDT,2024-12-06 20:17:24.830+0000,101567.98,,trade,0.00247,0.0,0.0
BINANCE:BTCUSDT,2024-12-06 20:17:24.837+0000,101568.13,,trade,0.001,0.0,0.0
BINANCE:BTCUSDT,2024-12-06 20:17:24.844+0000,101568.12,,trade,0.00017,0.0,0.0
BINANCE:BTCUSDT,2024-12-06 20:17:24.929+0000,101570.0,,trade,0.00548,0.0,1.0
BINANCE:BTCUSDT,2024-12-06 20:17:24.930+0000,101571.51,,trade,0.01244,1.0,0.0
BINANCE:BTCUSDT,2024-12-06 20:17:24.931+0000,101573.75,,trade,0.00025,0.0,0.0
BINANCE:BTCUSDT,2024-12-06 20:17:24.933+0000,101575.41,,trade,0.00266,1.0,0.0
BINANCE:BTCUSDT,2024-12-06 20:17:24.934+0000,101574.17,,trade,0.00025,0.0,0.0
BINANCE:BTCUSDT,2024-12-06 20:17:24.935+0000,101574.17,,trade,0.02456,0.0,0.0
BINANCE:BTCUSDT,2024-12-06 20:17:24.938+0000,101574.17,,trade,0.00484,0.0,0.0
BINANCE:BTCUSDT,2024-12-06 20:17:24.940+0000,101574.16,,trade,0.00635,0.0,0.0
BINANCE:BTCUSDT,2024-12-06 20:17:24.944+0000,101574.87,,trade,0.00082,1.0,0.0
BINANCE:BTCUSDT,2024-12-06 20:17:24.949+0000,101574.17,,trade,0.00138,0.0,0.0
BINANCE:BTCUSDT,2024-12-06 20:17:24.957+0000,101575.85,,trade,8e-05,0.0,0.0
BINANCE:BTCUSDT,2024-12-06 20:17:24.984+0000,101575.86,,trade,0.00025,0.0,0.0
BINANCE:BTCUSDT,2024-12-06 20:17:24.988+0000,101576.0,,trade,0.0002,0.0,0.0
BINANCE:BTCUSDT,2024-12-06 20:17:24.989+0000,101576.0,,trade,0.004,0.0,0.0
BINANCE:BTCUSDT,2024-12-06 20:17:24.992+0000,101577.59,,trade,0.00025,0.0,0.0
BINANCE:BTCUSDT,2024-12-06 20:17:24.995+0000,101577.6,,trade,0.00266,0.0,0.0
BINANCE:BTCUSDT,2024-12-06 20:17:24.997+0000,101577.6,,trade,0.00025,0.0,0.0
BINANCE:BTCUSDT,2024-12-06 20:17:25.059+0000,101579.51,,trade,0.00914,0.0,1.0
BINANCE:BTCUSDT,2024-12-06 20:17:25.061+0000,101580.0,,trade,0.01969,0.0,0.0
BINANCE:BTCUSDT,2024-12-06 20:17:25.062+0000,101581.63,,trade,0.00025,0.0,0.0
BINANCE:BTCUSDT,2024-12-06 20:17:25.066+0000,101586.4,,trade,0.00025,1.0,0.0
BINANCE:BTCUSDT,2024-12-06 20:17:25.067+0000,101579.93,,trade,0.05869,1.0,0.0
BINANCE:BTCUSDT,2024-12-06 20:17:25.068+0000,101583.28,,trade,0.00266,0.0,0.0
BINANCE:BTCUSDT,2024-12-06 20:17:25.076+0000,101583.28,,trade,0.00094,0.0,0.0
BINANCE:BTCUSDT,2024-12-06 20:17:25.086+0000,101583.28,,trade,0.00383,0.0,0.0
BINANCE:BTCUSDT,2024-12-06 20:17:25.091+0000,101583.28,,trade,0.00223,0.0,0.0
BINANCE:BTCUSDT,2024-12-06 20:17:25.097+0000,101583.28,,trade,0.00113,0.0,0.0
BINANCE:BTCUSDT,2024-12-06 20:17:25.102+0000,101583.28,,trade,0.00154,0.0,0.0
BINANCE:BTCUSDT,2024-12-06 20:17:25.126+0000,101584.0,,trade,0.0002,0.0,0.0
BINANCE:BTCUSDT,2024-12-06 20:17:25.156+0000,101586.39,,trade,0.00055,0.0,1.0
BINANCE:BTCUSDT,2024-12-06 20:17:25.158+0000,101587.99,,trade,0.001,0.0,0.0
BINANCE:BTCUSDT,2024-12-06 20:17:25.172+0000,101591.33,,trade,0.01299,1.0,0.0
BINANCE:BTCUSDT,2024-12-06 20:17:25.221+0000,101587.98,,trade,0.03026,0.0,0.0
BINANCE:BTCUSDT,2024-12-06 20:17:25.255+0000,101587.98,,trade,0.00273,0.0,0.0
BINANCE:BTCUSDT,2024-12-06 20:17:25.256+0000,101587.98,,trade,0.00039,0.0,0.0
BINANCE:BTCUSDT,2024-12-06 20:17:25.365+0000,101587.98,,trade,0.00312,0.0,0.0
BINANCE:BTCUSDT,2024-12-06 20:17:26.032+0000,101588.23,,trade,0.01776,1.0,0.0
BINANCE:BTCUSDT,2024-12-06 20:17:26.038+0000,101587.99,,trade,0.00035,0.0,0.0
BINANCE:BTCUSDT,2024-12-06 20:17:26.272+0000,101592.22,,trade,0.07715,1.0,0.0
BINANCE:BTCUSDT,2024-12-06 20:17:26.321+0000,101587.99,,trade,0.00199,0.0,0.0
BINANCE:BTCUSDT,2024-12-06 20:17:26.473+0000,101587.99,,trade,0.01252,0.0,0.0
BINANCE:BTCUSDT,2024-12-06 20:17:26.666+0000,101587.98,,trade,0.00012,0.0,0.0
BINANCE:BTCUSDT,2024-12-06 20:17:26.689+0000,101587.99,,trade,0.00325,0.0,0.0
BINANCE:BTCUSDT,2024-12-06 20:17:26.772+0000,101587.99,,trade,0.00018,0.0,0.0
BINANCE:BTCUSDT,2024-12-06 20:17:26.863+0000,101587.98,,trade,0.00025,0.0,1.0
BINANCE:BTCUSDT,2024-12-06 20:17:26.984+0000,101587.99,,trade,0.0002,0.0,0.0
BINANCE:BTCUSDT,2024-12-06 20:17:27.317+0000,101587.98,,trade,0.00098,0.0,0.0
BINANCE:BTCUSDT,2024-12-06 20:17:27.469+0000,101587.99,,trade,0.00014,0.0,0.0
BINANCE:BTCUSDT,2024-12-06 20:17:27.602+0000,101587.98,,trade,0.00065,0.0,0.0
BINANCE:BTCUSDT,2024-12-06 20:17:27.632+0000,101587.99,,trade,0.00208,0.0,0.0
BINANCE:BTCUSDT,2024-12-06 20:17:27.772+0000,101587.98,,trade,0.0001,0.0,0.0
BINANCE:BTCUSDT,2024-12-06 20:17:27.970+0000,101587.98,,trade,9e-05,0.0,0.0
BINANCE:BTCUSDT,2024-12-06 20:17:28.245+0000,101587.99,,trade,0.00035,0.0,0.0
BINANCE:BTCUSDT,2024-12-06 20:17:28.334+0000,101587.99,,trade,0.07781,0.0,0.0
BINANCE:BTCUSDT,2024-12-06 20:17:28.337+0000,101587.99,,trade,0.0259,0.0,0.0
BINANCE:BTCUSDT,2024-12-06 20:17:28.344+0000,101587.99,,trade,0.00138,0.0,0.0
BINANCE:BTCUSDT,2024-12-06 20:17:28.349+0000,101587.99,,trade,0.00062,0.0,0.0
BINANCE:BTCUSDT,2024-12-06 20:17:28.354+0000,101587.99,,trade,0.00326,0.0,0.0
BINANCE:BTCUSDT,2024-12-06 20:17:28.358+0000,101587.99,,trade,0.025,0.0,0.0
BINANCE:BTCUSDT,2024-12-06 20:17:28.366+0000,101587.99,,trade,0.01348,0.0,0.0
BINANCE:BTCUSDT,2024-12-06 20:17:28.372+0000,101587.99,,trade,0.01464,0.0,0.0
BINANCE:BTCUSDT,2024-12-06 20:17:28.377+0000,101587.99,,trade,0.00098,0.0,0.0
BINANCE:BTCUSDT,2024-12-06 20:17:28.382+0000,101587.99,,trade,0.01464,0.0,0.0
BINANCE:BTCUSDT,2024-12-06 20:17:28.385+0000,101587.99,,trade,0.01464,0.0,0.0
BINANCE:BTCUSDT,2024-12-06 20:17:28.391+0000,101587.99,,trade,0.01463,0.0,0.0
BINANCE:BTCUSDT,2024-12-06 20:17:28.395+0000,101587.99,,trade,0.01224,0.0,1.0
BINANCE:BTCUSDT,2024-12-06 20:17:28.400+0000,101587.99,,trade,0.00508,0.0,0.0
BINANCE:BTCUSDT,2024-12-06 20:17:28.405+0000,101587.99,,trade,0.02337,0.0,0.0
BINANCE:BTCUSDT,2024-12-06 20:17:28.409+0000,101587.99,,trade,0.01923,0.0,0.0
BINANCE:BTCUSDT,2024-12-06 20:17:28.414+0000,101587.99,,trade,0.00133,0.0,0.0
BINANCE:BTCUSDT,2024-12-06 20:17:28.418+0000,101587.99,,trade,0.02953,0.0,0.0
BINANCE:BTCUSDT,2024-12-06 20:17:28.424+0000,101587.99,,trade,0.01567,0.0,0.0
BINANCE:BTCUSDT,2024-12-06 20:17:28.429+0000,101587.99,,trade,0.02643,0.0,0.0
BINANCE:BTCUSDT,2024-12-06 20:17:28.434+0000,101587.99,,trade,0.01567,0.0,0.0
BINANCE:BTCUSDT,2024-12-06 20:17:28.437+0000,101588.0,,trade,0.00042,0.0,0.0
BINANCE:BTCUSDT,2024-12-06 20:17:28.439+0000,101588.23,,trade,8e-05,0.0,0.0
BINANCE:BTCUSDT,2024-12-06 20:17:28.440+0000,101588.24,,trade,0.00031,0.0,0.0
BINANCE:BTCUSDT,2024-12-06 20:17:28.441+0000,101588.24,,trade,0.00266,0.0,0.0
BINANCE:BTCUSDT,2024-12-06 20:17:28.445+0000,101588.24,,trade,0.02953,0.0,0.0
BINANCE:BTCUSDT,2024-12-06 20:17:28.451+0000,101588.24,,trade,0.00275,0.0,0.0
BINANCE:BTCUSDT,2024-12-06 20:17:28.456+0000,101588.24,,trade,0.00831,0.0,1.0
BINANCE:BTCUSDT,2024-12-06 20:17:28.462+0000,101592.17,,trade,0.01564,1.0,0.0
BINANCE:BTCUSDT,2024-12-06 20:17:28.463+0000,101593.69,,trade,8e-05,0.0,0.0
BINANCE:BTCUSDT,2024-12-06 20:17:28.465+0000,101593.7,,trade,0.02953,0.0,0.0
BINANCE:BTCUSDT,2024-12-06 20:17:28.471+0000,101595.27,,trade,0.00206,0.0,0.0
BINANCE:BTCUSDT,2024-12-06 20:17:28.473+0000,101595.27,,trade,0.00025,0.0,0.0
BINANCE:BTCUSDT,2024-12-06 20:17:28.569+0000,101595.26,,trade,0.00016,0.0,1.0
BINANCE:BTCUSDT,2024-12-06 20:17:28.657+0000,101595.5,,trade,0.00015,1.0,0.0
BINANCE:BTCUSDT,2024-12-06 20:17:28.735+0000,101595.26,,trade,0.00102,0.0,0.0
BINANCE:BTCUSDT,2024-12-06 20:17:28.821+0000,101595.27,,trade,0.00079,0.0,0.0
BINANCE:BTCUSDT,2024-12-06 20:17:28.905+0000,101596.0,,trade,0.00109,0.0,1.0
BINANCE:BTCUSDT,2024-12-06 20:17:28.909+0000,101596.0,,trade,0.00197,0.0,0.0
BINANCE:BTCUSDT,2024-12-06 20:17:28.915+0000,101596.0,,trade,0.00085,0.0,0.0
BINANCE:BTCUSDT,2024-12-06 20:17:28.921+0000,101596.0,,trade,0.01452,0.0,0.0
BINANCE:BTCUSDT,2024-12-06 20:17:28.945+0000,101597.35,,trade,8e-05,0.0,0.0
BINANCE:BTCUSDT,2024-12-06 20:17:28.947+0000,101597.35,,trade,0.00014,0.0,1.0
BINANCE:BTCUSDT,2024-12-06 20:17:28.948+0000,101597.35,,trade,0.00025,0.0,0.0
BINANCE:BTCUSDT,2024-12-06 20:17:28.972+0000,101599.03,,trade,0.00025,0.0,0.0
BINANCE:BTCUSDT,2024-12-06 20:17:28.974+0000,101599.99,,trade,0.00266,0.0,0.0
BINANCE:BTCUSDT,2024-12-06 20:17:28.975+0000,101599.99,,trade,0.00025,0.0,0.0
BINANCE:BTCUSDT,2024-12-06 20:17:29.254+0000,101599.99,,trade,0.0008,0.0,0.0
BINANCE:BTCUSDT,2024-12-06 20:17:29.278+0000,101601.96,,trade,0.06794,1.0,0.0
BINANCE:BTCUSDT,2024-12-06 20:17:29.603+0000,101595.6,,trade,0.03291,1.0,1.0
BINANCE:BTCUSDT,2024-12-06 20:17:29.683+0000,101599.98,,trade,0.00034,0.0,1.0
BINANCE:BTCUSDT,2024-12-06 20:17:29.884+0000,101600.0,,trade,0.00742,0.0,1.0
BINANCE:BTCUSDT,2024-12-06 20:17:29.897+0000,101599.99,,trade,0.01259,0.0,0.0
BINANCE:BTCUSDT,2024-12-06 20:17:29.899+0000,101597.23,,trade,0.01921,1.0,0.0
BINANCE:BTCUSDT,2024-12-06 20:17:30.006+0000,101600.01,,trade,0.00597,0.0,0.0
BINANCE:BTCUSDT,2024-12-06 20:17:30.007+0000,101604.0,,trade,0.02336,1.0,0.0
BINANCE:BTCUSDT,2024-12-06 20:17:30.009+0000,101600.01,,trade,0.00036,0.0,0.0
BINANCE:BTCUSDT,2024-12-06 20:17:30.010+0000,101604.0,,trade,0.00266,0.0,0.0
BINANCE:BTCUSDT,2024-12-06 20:17:30.014+0000,101604.0,,trade,0.003,0.0,0.0
BINANCE:BTCUSDT,2024-12-06 20:17:30.016+0000,101608.0,,trade,0.00249,0.0,0.0
BINANCE:BTCUSDT,2024-12-06 20:17:30.021+0000,101608.0,,trade,0.00013,0.0,0.0
BINANCE:BTCUSDT,2024-12-06 20:17:30.026+0000,101608.0,,trade,0.00052,0.0,0.0
BINANCE:BTCUSDT,2024-12-06 20:17:30.032+0000,101608.0,,trade,0.0078,0.0,1.0
BINANCE:BTCUSDT,2024-12-06 20:17:30.038+0000,101608.0,,trade,0.01964,0.0,0.0
BINANCE:BTCUSDT,2024-12-06 20:17:30.044+0000,101608.0,,trade,0.001,0.0,0.0
BINANCE:BTCUSDT,2024-12-06 20:17:30.050+0000,101608.0,,trade,0.00052,0.0,0.0
BINANCE:BTCUSDT,2024-12-06 20:17:30.056+0000,101608.0,,trade,0.00113,0.0,0.0
BINANCE:BTCUSDT,2024-12-06 20:17:30.146+0000,101607.99,,trade,0.01171,0.0,0.0
BINANCE:BTCUSDT,2024-12-06 20:17:30.244+0000,101608.0,,trade,0.1084,0.0,1.0
BINANCE:BTCUSDT,2024-12-06 20:17:30.290+0000,101607.99,,trade,0.02259,0.0,1.0
BINANCE:BTCUSDT,2024-12-06 20:17:30.337+0000,101608.0,,trade,0.00048,0.0,0.0
BINANCE:BTCUSDT,2024-12-06 20:17:30.379+0000,101607.99,,trade,0.11076,0.0,0.0
BINANCE:BTCUSDT,2024-12-06 20:17:30.420+0000,101607.99,,trade,0.04998,0.0,1.0
BINANCE:BTCUSDT,2024-12-06 20:17:30.492+0000,101608.0,,trade,0.0001,0.0,0.0
BINANCE:BTCUSDT,2024-12-06 20:17:30.849+0000,101607.99,,trade,0.0021,0.0,0.0
BINANCE:BTCUSDT,2024-12-06 20:17:30.864+0000,101607.99,,trade,0.01611,0.0,0.0
BINANCE:BTCUSDT,2024-12-06 20:17:30.967+0000,101608.0,,trade,0.00017,0.0,0.0
BINANCE:BTCUSDT,2024-12-06 20:17:31.021+0000,101609.8,,trade,0.00052,1.0,0.0
BINANCE:BTCUSDT,2024-12-06 20:17:31.494+0000,101608.0,,trade,0.00598,0.0,0.0
BINANCE:BTCUSDT,2024-12-06 20:17:31.498+0000,101608.0,,trade,0.0022,0.0,0.0
BINANCE:BTCUSDT,2024-12-06 20:17:31.505+0000,101608.0,,trade,0.0022,0.0,0.0
BINANCE:BTCUSDT,2024-12-06 20:17:31.513+0000,101608.0,,trade,0.02262,0.0,0.0
BINANCE:BTCUSDT,2024-12-06 20:17:31.518+0000,101604.21,,trade,0.01485,1.0,0.0
BINANCE:BTCUSDT,2024-12-06 20:17:31.522+0000,101608.0,,trade,0.0146,0.0,1.0
BINANCE:BTCUSDT,2024-12-06 20:17:31.530+0000,101608.0,,trade,0.00958,0.0,0.0
BINANCE:BTCUSDT,2024-12-06 20:17:31.533+0000,101611.97,,trade,0.00173,0.0,0.0
BINANCE:BTCUSDT,2024-12-06 20:17:31.546+0000,101611.97,,trade,0.00085,0.0,0.0
BINANCE:BTCUSDT,2024-12-06 20:17:31.566+0000,101611.97,,trade,0.0001,0.0,0.0
BINANCE:BTCUSDT,2024-12-06 20:17:31.572+0000,101611.98,,trade,0.02138,0.0,1.0
BINANCE:BTCUSDT,2024-12-06 20:17:31.573+0000,101611.98,,trade,0.03503,0.0,0.0
BINANCE:BTCUSDT,2024-12-06 20:17:31.577+0000,101611.98,,trade,0.01947,0.0,0.0
BINANCE:BTCUSDT,2024-12-06 20:17:31.581+0000,101613.19,,trade,0.00145,1.0,0.0
BINANCE:BTCUSDT,2024-12-06 20:17:31.587+0000,101611.98,,trade,0.00553,0.0,0.0
BINANCE:BTCUSDT,2024-12-06 20:17:31.589+0000,101611.98,,trade,0.03213,0.0,0.0
BINANCE:BTCUSDT,2024-12-06 20:17:31.597+0000,101611.98,,trade,0.07129,0.0,0.0
BINANCE:BTCUSDT,2024-12-06 20:17:31.598+0000,101611.98,,trade,0.06635,0.0,0.0
BINANCE:BTCUSDT,2024-12-06 20:17:31.608+0000,101611.98,,trade,0.02953,0.0,0.0
BINANCE:BTCUSDT,2024-12-06 20:17:31.613+0000,101611.98,,trade,0.14551,0.0,0.0
BINANCE:BTCUSDT,2024-12-06 20:17:31.614+0000,101611.98,,trade,0.0589,0.0,0.0
BINANCE:BTCUSDT,2024-12-06 20:17:31.615+0000,101611.98,,trade,0.05384,0.0,0.0
BINANCE:BTCUSDT,2024-12-06 20:17:31.616+0000,101611.98,,trade,0.09644,0.0,0.0
BINANCE:BTCUSDT,2024-12-06 20:17:31.617+0000,101612.95,,trade,0.04211,1.0,0.0
BINANCE:BTCUSDT,2024-12-06 20:17:31.618+0000,101617.65,,trade,0.01913,0.0,0.0
BINANCE:BTCUSDT,2024-12-06 20:17:31.632+0000,101617.65,,trade,0.00511,0.0,0.0
BINANCE:BTCUSDT,2024-12-06 20:17:31.637+0000,101617.65,,trade,0.00154,0.0,0.0
BINANCE:BTCUSDT,2024-12-06 20:17:31.642+0000,101617.65,,trade,0.02953,0.0,0.0
BINANCE:BTCUSDT,2024-12-06 20:17:31.647+0000,101617.65,,trade,0.01824,0.0,1.0
BINANCE:BTCUSDT,2024-12-06 20:17:31.652+0000,101617.65,,trade,0.01954,0.0,0.0
BINANCE:BTCUSDT,2024-12-06 20:17:31.656+0000,101617.84,,trade,0.02882,0.0,0.0
BINANCE:BTCUSDT,2024-12-06 20:17:31.670+0000,101620.0,,trade,0.00231,0.0,0.0
BINANCE:BTCUSDT,2024-12-06 20:17:31.713+0000,101619.99,,trade,0.04421,0.0,0.0
BINANCE:BTCUSDT,2024-12-06 20:17:31.741+0000,101619.99,,trade,0.00295,0.0,0.0
BINANCE:BTCUSDT,2024-12-06 20:17:31.798+0000,101620.0,,trade,0.01493,0.0,0.0
BINANCE:BTCUSDT,2024-12-06 20:17:31.824+0000,101620.0,,trade,0.00226,0.0,0.0
BINANCE:BTCUSDT,2024-12-06 20:17:31.830+0000,101619.99,,trade,0.00314,0.0,1.0
BINANCE:BTCUSDT,2024-12-06 20:17:31.846+0000,101620.0,,trade,0.00305,0.0,0.0
BINANCE:BTCUSDT,2024-12-06 20:17:31.957+0000,101619.99,,trade,0.00551,0.0,0.0
BINANCE:BTCUSDT,2024-12-06 20:17:32.826+0000,101619.99,,trade,0.0193,0.0,0.0
BINANCE:BTCUSDT,2024-12-06 20:17:32.903+0000,101620.0,,trade,0.00095,0.0,0.0
