symbol,trade_ts,ingestion_ts,price,trade_conditions,type,uuid,volume
BINANCE:BTCUSDT,2024-12-14 22:52:18.522+0000,2024-12-14 22:52:20.001+0000,101212.419999999998,,trade,a3b802de-3ab3-4b29-ae7e-7baa7725eaaa,0.0003
BINANCE:BTCUSDT,2024-12-14 22:52:18.420+0000,2024-12-14 22:52:20.001+0000,101212.419999999998,,trade,9fde8400-c8b7-465d-8382-6788bb54416c,0.00114
BINANCE:BTCUSDT,2024-12-14 22:52:18.083+0000,2024-12-14 22:52:20.001+0000,101212.419999999998,,trade,0b941f8c-3aa1-462e-aeee-7e92bb3d6517,0.00045
BINANCE:BTCUSDT,2024-12-14 22:52:17.688+0000,2024-12-14 22:52:20.001+0000,101212.410000000003,,trade,5dfca68f-968e-4042-b4bf-2441458cc11c,0.00324
BINANCE:BTCUSDT,2024-12-14 22:52:17.670+0000,2024-12-14 22:52:20.001+0000,101212.410000000003,,trade,95fde478-c5db-4482-a593-b21244d5c4fb,0.00146
BINANCE:BTCUSDT,2024-12-14 22:52:17.395+0000,2024-12-14 22:52:20.001+0000,101212.410000000003,,trade,25359f4f-af89-4bef-9e58-c1456c8724a7,0.04772
BINANCE:BTCUSDT,2024-12-14 22:52:17.372+0000,2024-12-14 22:52:20.001+0000,101212.419999999998,,trade,eb5c9d54-f761-4670-b447-05f4fe8494d2,6e-05
BINANCE:BTCUSDT,2024-12-14 22:52:17.172+0000,2024-12-14 22:52:20.001+0000,101212.419999999998,,trade,bbfbe5d2-035f-4078-913c-ff78dcfc908e,0.00087
BINANCE:BTCUSDT,2024-12-14 22:52:17.169+0000,2024-12-14 22:52:20.001+0000,101212.410000000003,,trade,9b26f718-9a0a-4860-a514-936efa2891fa,0.00019
BINANCE:BTCUSDT,2024-12-14 22:52:17.114+0000,2024-12-14 22:52:20.001+0000,101212.419999999998,,trade,8e703a63-4187-459a-b007-7d19392d364b,0.00198
BINANCE:BTCUSDT,2024-12-14 22:52:16.654+0000,2024-12-14 22:52:20.001+0000,101212.419999999998,,trade,e60bf1d3-c25d-4b62-a0c8-780277b6e810,0.00039
BINANCE:BTCUSDT,2024-12-14 22:52:16.319+0000,2024-12-14 22:52:20.001+0000,101212.419999999998,,trade,05ebac65-9611-45ad-853f-3e7290c776f1,0.00068
BINANCE:BTCUSDT,2024-12-14 22:52:16.318+0000,2024-12-14 22:52:20.001+0000,101212.419999999998,,trade,5897b161-3bda-4fc8-a0e7-d44c8a378ecf,0.00068
BINANCE:BTCUSDT,2024-12-14 22:52:15.217+0000,2024-12-14 22:52:20.001+0000,101212.410000000003,,trade,7a62db82-88d0-41bf-ae62-e7e01bef1caf,0.00982
BINANCE:BTCUSDT,2024-12-14 22:52:15.187+0000,2024-12-14 22:52:20.001+0000,101212.419999999998,,trade,9e68b733-28a1-4e88-b334-bd17470c32f3,0.00017
BINANCE:BTCUSDT,2024-12-14 22:52:13.608+0000,2024-12-14 22:52:15.001+0000,101212.419999999998,,trade,e897e3ea-1bcc-4958-babf-18ebeaddaf89,0.00115
BINANCE:BTCUSDT,2024-12-14 22:52:12.639+0000,2024-12-14 22:52:15.001+0000,101212.419999999998,,trade,f9534a1c-1a2e-4f93-a744-9251d825a5bf,0.00089
BINANCE:BTCUSDT,2024-12-14 22:52:12.587+0000,2024-12-14 22:52:15.001+0000,101212.419999999998,,trade,5a47e2cb-9edd-42f1-b0a0-35e8109d30a0,0.0003
BINANCE:BTCUSDT,2024-12-14 22:52:12.514+0000,2024-12-14 22:52:15.001+0000,101212.419999999998,,trade,00f61742-75dd-40ee-8f6e-daadea3e3ddd,0.00196
BINANCE:BTCUSDT,2024-12-14 22:52:12.422+0000,2024-12-14 22:52:15.001+0000,101212.419999999998,,trade,24404972-24a9-4a02-8537-51aaa48faf7a,0.00096
BINANCE:BTCUSDT,2024-12-14 22:52:11.835+0000,2024-12-14 22:52:15.001+0000,101212.419999999998,,trade,fa2d7cec-8c05-4f9f-89bb-5be73d57b128,0.00016
BINANCE:BTCUSDT,2024-12-14 22:52:11.812+0000,2024-12-14 22:52:15.001+0000,101212.419999999998,,trade,07a95216-a12d-4f7a-a954-3a7a796d8edd,0.00106
BINANCE:BTCUSDT,2024-12-14 22:52:10.692+0000,2024-12-14 22:52:15.001+0000,101212.419999999998,,trade,595d0cf9-0573-4258-9e51-6b9c46d91204,0.00025
BINANCE:BTCUSDT,2024-12-14 22:52:10.026+0000,2024-12-14 22:52:15.001+0000,101212.410000000003,,trade,8fd8b642-7987-444a-8624-24823d1ff6f9,0.00479
BINANCE:BTCUSDT,2024-12-14 22:52:09.542+0000,2024-12-14 22:52:15.001+0000,101212.419999999998,,trade,0333e3d3-6e72-47ab-9a5c-fb67d697db3b,0.00073
BINANCE:BTCUSDT,2024-12-14 22:52:09.538+0000,2024-12-14 22:52:15.001+0000,101212.419999999998,,trade,aeebbb63-e130-492b-b89b-23cc6de2c1eb,9e-05
BINANCE:BTCUSDT,2024-12-14 22:52:09.506+0000,2024-12-14 22:52:15.001+0000,101212.419999999998,,trade,4db172d7-afcc-4717-9225-88e942d924f5,0.00053
BINANCE:BTCUSDT,2024-12-14 22:52:08.261+0000,2024-12-14 22:52:10.001+0000,101212.410000000003,,trade,b7b18537-3924-4b16-a364-7cd1680223cb,0.00068
BINANCE:BTCUSDT,2024-12-14 22:52:08.177+0000,2024-12-14 22:52:10.001+0000,101212.419999999998,,trade,4bfe290c-1450-4178-83e0-c78210aef0f1,0.00192
BINANCE:BTCUSDT,2024-12-14 22:52:08.084+0000,2024-12-14 22:52:10.001+0000,101212.419999999998,,trade,17623cd4-244a-4021-a0ee-1972c2e93715,0.00599
BINANCE:BTCUSDT,2024-12-14 22:52:07.396+0000,2024-12-14 22:52:10.001+0000,101212.410000000003,,trade,a066cd3e-6620-4c8c-a0a7-df627a6a596f,0.04948
BINANCE:BTCUSDT,2024-12-14 22:52:07.072+0000,2024-12-14 22:52:10.001+0000,101212.410000000003,,trade,43559451-eacb-4a95-bafd-16f68406099e,0.00578
BINANCE:BTCUSDT,2024-12-14 22:52:06.628+0000,2024-12-14 22:52:10.001+0000,101212.419999999998,,trade,de220e59-47bc-41a3-880b-f73f6de0b805,0.00016
BINANCE:BTCUSDT,2024-12-14 22:52:06.544+0000,2024-12-14 22:52:10.001+0000,101212.419999999998,,trade,876c60f8-1bf4-4f70-9269-54f0b01063a2,0.00051
BINANCE:BTCUSDT,2024-12-14 22:52:05.770+0000,2024-12-14 22:52:10.001+0000,101212.419999999998,,trade,026d4fbe-8abf-47d7-8adc-e8efa2ad3bae,0.00031
BINANCE:BTCUSDT,2024-12-14 22:52:05.607+0000,2024-12-14 22:52:10.001+0000,101212.410000000003,,trade,ff7055e9-590d-41d9-a0c8-778890a4aa49,0.00526
BINANCE:BTCUSDT,2024-12-14 22:52:03.445+0000,2024-12-14 22:52:05.001+0000,101212.410000000003,,trade,ff029c3f-cdc7-47fc-9039-28240a7bd74c,8e-05
BINANCE:BTCUSDT,2024-12-14 22:52:03.152+0000,2024-12-14 22:52:05.001+0000,101210.960000000006,,trade,b95ab11e-2c21-4e86-8463-4472e8608832,0.0004
BINANCE:BTCUSDT,2024-12-14 22:52:02.920+0000,2024-12-14 22:52:05.001+0000,101210.970000000001,,trade,d25e7baa-be9f-4e7c-8e7d-4c7e6bd5d3b9,0.00111
BINANCE:BTCUSDT,2024-12-14 22:52:02.719+0000,2024-12-14 22:52:05.001+0000,101210.970000000001,,trade,da76e7e0-adac-4210-83c1-1437a8e4c52e,6e-05
BINANCE:BTCUSDT,2024-12-14 22:52:02.716+0000,2024-12-14 22:52:05.001+0000,101210.960000000006,,trade,c758738c-da2d-431e-b95a-13670b7fbbd7,5e-05
BINANCE:BTCUSDT,2024-12-14 22:52:02.668+0000,2024-12-14 22:52:05.001+0000,101203.990000000005,,trade,67102045-1b6b-489d-8a37-e7532e21dbbb,0.00163
BINANCE:BTCUSDT,2024-12-14 22:52:02.665+0000,2024-12-14 22:52:05.001+0000,101205.880000000005,,trade,f33df3bb-57a8-45ea-ba3d-df42efb1b190,0.004
BINANCE:BTCUSDT,2024-12-14 22:52:02.660+0000,2024-12-14 22:52:05.001+0000,101202,,trade,80b2e036-5097-4577-a12c-5ef6dd955bb2,0.2091
BINANCE:BTCUSDT,2024-12-14 22:52:02.396+0000,2024-12-14 22:52:05.001+0000,101201.990000000005,,trade,8c32c4f6-3ca0-4b02-8e91-8bcf3b348945,0.04137
BINANCE:BTCUSDT,2024-12-14 22:52:02.386+0000,2024-12-14 22:52:05.001+0000,101202,,trade,7677a7e7-7341-4d95-bf69-b601bc3df2e0,0.04941
BINANCE:BTCUSDT,2024-12-14 22:52:02.047+0000,2024-12-14 22:52:05.001+0000,101201.990000000005,,trade,b1cd438a-9f80-480a-b70a-146f9910cb41,0.00065
BINANCE:BTCUSDT,2024-12-14 22:52:01.786+0000,2024-12-14 22:52:05.001+0000,101201.990000000005,,trade,ecc44124-9973-4673-bd59-3c7ffbbbc33b,0.00027
BINANCE:BTCUSDT,2024-12-14 22:52:01.425+0000,2024-12-14 22:52:05.001+0000,101202,,trade,5df58ae9-ef64-486e-83f9-2059b339a762,0.005
BINANCE:BTCUSDT,2024-12-14 22:52:01.424+0000,2024-12-14 22:52:05.001+0000,101202,,trade,b9c6e725-1807-4db9-8978-c652efa0a83c,0.01
BINANCE:BTCUSDT,2024-12-14 22:52:00.988+0000,2024-12-14 22:52:05.001+0000,101202,,trade,bdf0b7bd-94ff-43cd-999d-9aaa89a70394,0.00019
BINANCE:BTCUSDT,2024-12-14 22:52:00.779+0000,2024-12-14 22:52:05.001+0000,101202,,trade,c16b34a3-4cc4-44c7-ae0f-288d201fc309,0.00011
BINANCE:BTCUSDT,2024-12-14 22:52:00.641+0000,2024-12-14 22:52:05.001+0000,101201.990000000005,,trade,d62b2065-db6f-4433-933a-ccd8d5138f57,0.00257
BINANCE:BTCUSDT,2024-12-14 22:52:00.640+0000,2024-12-14 22:52:05.001+0000,101201.990000000005,,trade,11ef9e3b-8367-4a9f-92a5-a211f88943f5,0.00257
BINANCE:BTCUSDT,2024-12-14 22:52:00.409+0000,2024-12-14 22:52:05.001+0000,101202,,trade,10f32f8c-502c-4321-93c8-a32577ed439d,0.0032
BINANCE:BTCUSDT,2024-12-14 22:52:00.230+0000,2024-12-14 22:52:05.001+0000,101202,,trade,e41c0e32-7174-489f-b5b9-0f25bb1c6ec2,0.00094
BINANCE:BTCUSDT,2024-12-14 22:51:58.857+0000,2024-12-14 22:52:00.001+0000,101201.990000000005,,trade,733abef9-8b18-4d36-b060-81500f490a16,0.00746
BINANCE:BTCUSDT,2024-12-14 22:51:58.570+0000,2024-12-14 22:52:00.001+0000,101202,,trade,6933d3fa-5ffe-4712-beb2-dc866bf1638f,0.00431
BINANCE:BTCUSDT,2024-12-14 22:51:58.564+0000,2024-12-14 22:52:00.001+0000,101202,,trade,59eb06c1-0409-4172-a345-c6e18b703b40,0.00136
BINANCE:BTCUSDT,2024-12-14 22:51:58.563+0000,2024-12-14 22:52:00.001+0000,101202,,trade,808f9f6f-be4f-449c-ba61-d99109f08105,0.00024
BINANCE:BTCUSDT,2024-12-14 22:51:58.070+0000,2024-12-14 22:52:00.001+0000,101202,,trade,1d16f291-9682-46f8-89c8-54d52a11a81b,0.00054
BINANCE:BTCUSDT,2024-12-14 22:51:57.339+0000,2024-12-14 22:52:00.001+0000,101202,,trade,cea57092-9a07-42c5-be7e-96f897aec73b,0.00164
BINANCE:BTCUSDT,2024-12-14 22:51:57.303+0000,2024-12-14 22:52:00.001+0000,101201.330000000002,,trade,f762d922-9a5e-47b1-a62f-945f332354c2,0.00099
BINANCE:BTCUSDT,2024-12-14 22:51:57.279+0000,2024-12-14 22:52:00.001+0000,101201.320000000007,,trade,0d191b64-2a5f-48f0-93cb-270fbcfeaf91,0.00122
BINANCE:BTCUSDT,2024-12-14 22:51:57.203+0000,2024-12-14 22:52:00.001+0000,101201.320000000007,,trade,46744fd7-39d5-4024-91a5-16b41003d832,0.00094
BINANCE:BTCUSDT,2024-12-14 22:51:56.987+0000,2024-12-14 22:52:00.001+0000,101201.320000000007,,trade,3001a070-6054-4f1f-92a7-80cf40851792,0.00337
BINANCE:BTCUSDT,2024-12-14 22:51:56.967+0000,2024-12-14 22:52:00.001+0000,101201.330000000002,,trade,33c7361d-d904-4eb8-83fa-f296eb3ea57a,0.0005
BINANCE:BTCUSDT,2024-12-14 22:51:56.962+0000,2024-12-14 22:52:00.001+0000,101201.330000000002,,trade,96d986f2-9a76-4bac-b1f3-b45e06a3d154,0.0005
BINANCE:BTCUSDT,2024-12-14 22:51:56.418+0000,2024-12-14 22:52:00.001+0000,101201.320000000007,,trade,1cec774b-2ad4-462e-b1ec-e0f44c7be876,0.00024
BINANCE:BTCUSDT,2024-12-14 22:51:55.408+0000,2024-12-14 22:52:00.001+0000,101201.330000000002,,trade,97081bdb-5b08-4dcd-b013-70c86c6447d7,6e-05
BINANCE:BTCUSDT,2024-12-14 22:51:54.861+0000,2024-12-14 22:52:00.001+0000,101201.320000000007,,trade,f6b31e6e-9a72-4c67-9814-5e2bac170caf,8e-05
BINANCE:BTCUSDT,2024-12-14 22:51:54.506+0000,2024-12-14 22:52:00.001+0000,101199.990000000005,,trade,6e1eb337-b573-4df6-992c-f66e929e6474,0.01669
BINANCE:BTCUSDT,2024-12-14 22:51:54.267+0000,2024-12-14 22:52:00.001+0000,101199.990000000005,,trade,5d1eb25e-2fdd-4ef6-8e21-1839870c89d9,0.00024
BINANCE:BTCUSDT,2024-12-14 22:51:53.724+0000,2024-12-14 22:51:55.001+0000,101199.979999999996,,trade,3d99b43c-f0c4-48ce-b4b2-373f85acf11b,0.00038
BINANCE:BTCUSDT,2024-12-14 22:51:53.627+0000,2024-12-14 22:51:55.001+0000,101199.990000000005,,trade,0c7271d4-0cd0-41da-94bd-97a11cc4547e,0.00099
BINANCE:BTCUSDT,2024-12-14 22:51:53.459+0000,2024-12-14 22:51:55.001+0000,101199.990000000005,,trade,78d9fc2d-fa18-420e-8129-e8a21b1b3c01,0.00369
BINANCE:BTCUSDT,2024-12-14 22:51:53.127+0000,2024-12-14 22:51:55.001+0000,101199.990000000005,,trade,6460a6ff-6f8f-4e68-b26d-738f3b4be353,0.00094
BINANCE:BTCUSDT,2024-12-14 22:51:52.969+0000,2024-12-14 22:51:55.001+0000,101199.339999999997,,trade,f7552067-cdc8-4b6e-a55e-c8379fe09e45,0.00167
BINANCE:BTCUSDT,2024-12-14 22:51:52.722+0000,2024-12-14 22:51:55.001+0000,101198.100000000006,,trade,925aa8d8-7366-45f3-bed2-f7f33f079c2c,0.00266
BINANCE:BTCUSDT,2024-12-14 22:51:52.720+0000,2024-12-14 22:51:55.001+0000,101198.089999999997,,trade,ff3ac29e-651c-4830-9563-e60d6ab3cc02,8e-05
BINANCE:BTCUSDT,2024-12-14 22:51:52.625+0000,2024-12-14 22:51:55.001+0000,101195.75,,trade,14a37182-1a46-4f82-9ae2-e32b731dbd8b,0.00099
BINANCE:BTCUSDT,2024-12-14 22:51:52.516+0000,2024-12-14 22:51:55.001+0000,101195.520000000004,,trade,c81ccbdf-49c7-484e-bb38-204862480a31,0.00988
BINANCE:BTCUSDT,2024-12-14 22:51:52.509+0000,2024-12-14 22:51:55.001+0000,101189.779999999999,,trade,e2ba0db4-54d7-46d4-89c1-a7ddb4d7755f,0.0001
BINANCE:BTCUSDT,2024-12-14 22:51:52.506+0000,2024-12-14 22:51:55.001+0000,101188.960000000006,,trade,88536590-33b6-48ef-89f3-05e467a07f77,0.0001
BINANCE:BTCUSDT,2024-12-14 22:51:52.420+0000,2024-12-14 22:51:55.001+0000,101188.5,,trade,0d6d82be-e2c0-44d5-a20e-c0a4fc96b51e,0.00012
BINANCE:BTCUSDT,2024-12-14 22:51:52.397+0000,2024-12-14 22:51:55.001+0000,101188.490000000005,,trade,61481662-9b55-4112-94ac-627420d2213f,0.04967
BINANCE:BTCUSDT,2024-12-14 22:51:52.022+0000,2024-12-14 22:51:55.001+0000,101188.490000000005,,trade,0329f64b-e8ad-480f-96a4-f6f2d74109a8,0.00024
BINANCE:BTCUSDT,2024-12-14 22:51:51.339+0000,2024-12-14 22:51:55.001+0000,101188.5,,trade,c317b9df-684e-465c-adb1-facb6bf844f1,0.00052
BINANCE:BTCUSDT,2024-12-14 22:51:51.336+0000,2024-12-14 22:51:55.001+0000,101188.5,,trade,a550679c-5344-412e-a4a3-d58e51ff1605,0.00066
BINANCE:BTCUSDT,2024-12-14 22:51:51.237+0000,2024-12-14 22:51:55.001+0000,101188.490000000005,,trade,7742e365-e565-4736-867e-ae484969a433,0.00054
BINANCE:BTCUSDT,2024-12-14 22:51:51.137+0000,2024-12-14 22:51:55.001+0000,101188.5,,trade,d7c94f77-25b3-4d7b-b949-1b8bae681573,0.00132
BINANCE:BTCUSDT,2024-12-14 22:51:50.618+0000,2024-12-14 22:51:55.001+0000,101188.5,,trade,b492ac14-de56-4ee4-ae68-1935b28a0ae7,0.00012
BINANCE:BTCUSDT,2024-12-14 22:51:50.579+0000,2024-12-14 22:51:55.001+0000,101188.490000000005,,trade,f5c421aa-6e18-43b1-9485-f7deb6e85171,8e-05
BINANCE:BTCUSDT,2024-12-14 22:51:49.018+0000,2024-12-14 22:51:55.001+0000,101188.490000000005,,trade,70579307-7140-4e07-8758-dc50fe2e1aeb,0.00049
BINANCE:BTCUSDT,2024-12-14 22:51:48.639+0000,2024-12-14 22:51:50.001+0000,101188.5,,trade,2b2e737d-7157-41f0-8836-3d200056570b,0.00099
BINANCE:BTCUSDT,2024-12-14 22:51:48.157+0000,2024-12-14 22:51:50.001+0000,101188.5,,trade,f8f20f1e-9838-44d2-8d56-06443ceb2cd5,0.00266
BINANCE:BTCUSDT,2024-12-14 22:51:48.153+0000,2024-12-14 22:51:50.001+0000,101188.5,,trade,d9794768-4709-45f9-a9ef-969cb3f41c28,0.00052
BINANCE:BTCUSDT,2024-12-14 22:51:47.844+0000,2024-12-14 22:51:50.001+0000,101188.479999999996,,trade,803e9388-27c0-4f29-83a0-1ae1e086fa8d,0.00051
BINANCE:BTCUSDT,2024-12-14 22:51:47.298+0000,2024-12-14 22:51:50.001+0000,101188.490000000005,,trade,dd57753b-5e72-4d24-87c2-0ed660ae051b,0.03557
BINANCE:BTCUSDT,2024-12-14 22:51:47.172+0000,2024-12-14 22:51:50.001+0000,101188.479999999996,,trade,6dd5e2f6-7527-4346-a582-abfb28bbb083,0.00023
BINANCE:BTCUSDT,2024-12-14 22:51:46.816+0000,2024-12-14 22:51:50.001+0000,101188.479999999996,,trade,529d6efd-bf61-4fe0-a19a-7ecb72838eef,0.00095
BINANCE:BTCUSDT,2024-12-14 22:51:46.777+0000,2024-12-14 22:51:50.001+0000,101188.490000000005,,trade,fd2c5422-5b77-408e-9bfc-f40d1f2df5e9,0.00256
BINANCE:BTCUSDT,2024-12-14 22:51:46.775+0000,2024-12-14 22:51:50.001+0000,101188.479999999996,,trade,fa8c0884-9410-4138-be74-5d347c19b3ff,8e-05
BINANCE:BTCUSDT,2024-12-14 22:51:46.750+0000,2024-12-14 22:51:50.001+0000,101187.979999999996,,trade,99358a67-5324-4c8f-ae8c-7594327eadf1,0.18895
BINANCE:BTCUSDT,2024-12-14 22:51:46.650+0000,2024-12-14 22:51:50.001+0000,101187.979999999996,,trade,cf6f4f46-4319-4b16-b20a-f41c6f64e073,0.0005
BINANCE:BTCUSDT,2024-12-14 22:51:46.586+0000,2024-12-14 22:51:50.001+0000,101187.979999999996,,trade,7432faec-f267-43a0-a753-ecddfbe6cd5a,0.00216
BINANCE:BTCUSDT,2024-12-14 22:51:46.545+0000,2024-12-14 22:51:50.001+0000,101187.970000000001,,trade,6356254d-1dda-4a66-9fd7-9c6a598e9b5f,0.00237
BINANCE:BTCUSDT,2024-12-14 22:51:46.461+0000,2024-12-14 22:51:50.001+0000,101187.970000000001,,trade,3499aba2-57b2-49e7-ab31-69897276db4e,0.00102
BINANCE:BTCUSDT,2024-12-14 22:51:46.418+0000,2024-12-14 22:51:50.001+0000,101187.970000000001,,trade,57ae11d8-0c96-4926-8cd7-ce2d03584671,0.00296
BINANCE:BTCUSDT,2024-12-14 22:51:46.388+0000,2024-12-14 22:51:50.001+0000,101187.979999999996,,trade,033d13d1-e7d1-4f06-a75b-f2cc93009ee6,0.0005
BINANCE:BTCUSDT,2024-12-14 22:51:46.351+0000,2024-12-14 22:51:50.001+0000,101187.979999999996,,trade,e3b0901c-3c02-4381-9d2b-96cf9b9dd6d2,0.0005
BINANCE:BTCUSDT,2024-12-14 22:51:46.175+0000,2024-12-14 22:51:50.001+0000,101187.970000000001,,trade,4596a3fb-ee97-4f85-a97b-3028b633d931,0.0016
BINANCE:BTCUSDT,2024-12-14 22:51:46.035+0000,2024-12-14 22:51:50.001+0000,101187.979999999996,,trade,bd0416bc-c6aa-4f30-9fb3-c86ba44e4a4f,0.00139
BINANCE:BTCUSDT,2024-12-14 22:51:45.692+0000,2024-12-14 22:51:50.001+0000,101187.970000000001,,trade,38009e97-e8b7-4d26-aabd-e4b5b9ef66ff,0.0001
BINANCE:BTCUSDT,2024-12-14 22:51:45.467+0000,2024-12-14 22:51:50.001+0000,101187.979999999996,,trade,63610aa3-fce0-452c-8811-0930de836a88,0.0005
BINANCE:BTCUSDT,2024-12-14 22:51:44.861+0000,2024-12-14 22:51:50.001+0000,101187.979999999996,,trade,132133bb-116c-43e6-ae31-1daeba1abab4,0.00029
BINANCE:BTCUSDT,2024-12-14 22:51:44.787+0000,2024-12-14 22:51:50.001+0000,101187.970000000001,,trade,0a1beb7a-e65e-4394-a6f3-dfb3a74b58e3,0.02715
BINANCE:BTCUSDT,2024-12-14 22:51:44.723+0000,2024-12-14 22:51:50.001+0000,101187.979999999996,,trade,21821397-89c1-44e5-bd06-e8c66d164a4c,0.00013
BINANCE:BTCUSDT,2024-12-14 22:51:44.416+0000,2024-12-14 22:51:50.001+0000,101187.979999999996,,trade,a666e555-ad7e-4935-945b-0f31a989c70f,0.0003
BINANCE:BTCUSDT,2024-12-14 22:51:43.561+0000,2024-12-14 22:51:45.001+0000,101187.979999999996,,trade,969ac8f2-4e8a-44c8-a806-6b3c56538e6c,0.00029
BINANCE:BTCUSDT,2024-12-14 22:51:43.372+0000,2024-12-14 22:51:45.001+0000,101187.970000000001,,trade,44c0e179-4263-4d5f-95fb-e5a35720c663,0.00051
BINANCE:BTCUSDT,2024-12-14 22:51:42.923+0000,2024-12-14 22:51:45.001+0000,101187.979999999996,,trade,c115995b-c477-4c5b-bf63-5c34fceffcd7,0.0005
BINANCE:BTCUSDT,2024-12-14 22:51:42.892+0000,2024-12-14 22:51:45.001+0000,101187.979999999996,,trade,1d175b9f-85c4-40a8-ab7d-db9e4fb6919e,0.0005
BINANCE:BTCUSDT,2024-12-14 22:51:42.862+0000,2024-12-14 22:51:45.001+0000,101187.970000000001,,trade,e5c973ef-4beb-4eb2-b1e1-c52c263ecc23,0.1
BINANCE:BTCUSDT,2024-12-14 22:51:42.396+0000,2024-12-14 22:51:45.001+0000,101187.970000000001,,trade,a424f313-e839-40c8-8d69-cd4080dd9efe,0.04796
BINANCE:BTCUSDT,2024-12-14 22:51:42.379+0000,2024-12-14 22:51:45.001+0000,101187.979999999996,,trade,fb290e11-ac32-4e59-b002-a395dad50281,0.00115
BINANCE:BTCUSDT,2024-12-14 22:51:41.960+0000,2024-12-14 22:51:45.001+0000,101187.710000000006,,trade,2b4267ef-8c32-4ce1-b78f-6783d5bb7d4a,0.00712
BINANCE:BTCUSDT,2024-12-14 22:51:41.760+0000,2024-12-14 22:51:45.001+0000,101187.710000000006,,trade,1ce633b1-c930-4456-a4df-afe4f5c67522,0.00045
BINANCE:BTCUSDT,2024-12-14 22:51:41.671+0000,2024-12-14 22:51:45.001+0000,101187.699999999997,,trade,64146b62-3d60-4a45-92f9-e8e067219cb7,0.00345
BINANCE:BTCUSDT,2024-12-14 22:51:40.852+0000,2024-12-14 22:51:45.001+0000,101187.710000000006,,trade,e58b76a0-e158-40b3-b5a7-526ba9f2225f,0.02728
BINANCE:BTCUSDT,2024-12-14 22:51:40.529+0000,2024-12-14 22:51:45.001+0000,101187.710000000006,,trade,82991abb-3a86-45af-b457-70c83019da84,0.00072
BINANCE:BTCUSDT,2024-12-14 22:51:40.310+0000,2024-12-14 22:51:45.001+0000,101187.710000000006,,trade,382f8c5f-fe00-4e1e-a522-e184ecbe8821,0.00029
BINANCE:BTCUSDT,2024-12-14 22:51:40.149+0000,2024-12-14 22:51:45.001+0000,101187.699999999997,,trade,55ab38f1-b204-4f34-b273-73f6d2b83f8a,0.04943
BINANCE:BTCUSDT,2024-12-14 22:51:39.817+0000,2024-12-14 22:51:45.001+0000,101187.699999999997,,trade,2637cee2-e49a-46ea-bff3-f72cbf346a8b,0.02678
BINANCE:BTCUSDT,2024-12-14 22:51:39.491+0000,2024-12-14 22:51:45.001+0000,101187.710000000006,,trade,07390edd-d6e2-4a8b-be09-36b70d143fc0,0.00068
BINANCE:BTCUSDT,2024-12-14 22:51:39.376+0000,2024-12-14 22:51:45.001+0000,101187.710000000006,,trade,390b1c10-1ba7-4641-9d3d-1d9f2e48fd9c,0.01098
BINANCE:BTCUSDT,2024-12-14 22:51:39.178+0000,2024-12-14 22:51:45.001+0000,101187.710000000006,,trade,06f6e649-b55a-4ee5-9ec5-ba74adba817b,0.00114
BINANCE:BTCUSDT,2024-12-14 22:51:38.209+0000,2024-12-14 22:51:40.001+0000,101187.710000000006,,trade,eef2c14c-287e-49c7-bbd7-0063f8bf67b4,0.0005
BINANCE:BTCUSDT,2024-12-14 22:51:38.192+0000,2024-12-14 22:51:40.001+0000,101187.710000000006,,trade,4d1c56b8-4a8b-46c3-a41c-68928d60ae26,0.0005
BINANCE:BTCUSDT,2024-12-14 22:51:37.564+0000,2024-12-14 22:51:40.001+0000,101187.710000000006,,trade,f8650537-864b-4f64-b4fc-200ab3070649,0.00024
BINANCE:BTCUSDT,2024-12-14 22:51:37.431+0000,2024-12-14 22:51:40.001+0000,101187.710000000006,,trade,2c40d177-9c36-4953-9ada-f09e6bd508ef,0.00054
BINANCE:BTCUSDT,2024-12-14 22:51:37.397+0000,2024-12-14 22:51:40.001+0000,101187.699999999997,,trade,d824a3b1-6ac6-4499-b3fe-34bdbb7986f1,0.06021
BINANCE:BTCUSDT,2024-12-14 22:51:36.519+0000,2024-12-14 22:51:40.001+0000,101187.710000000006,,trade,e5cfb345-13d5-413a-892f-cd993b009607,0.00068
BINANCE:BTCUSDT,2024-12-14 22:51:35.962+0000,2024-12-14 22:51:40.001+0000,101187.710000000006,,trade,96773d7e-b3d1-45c7-a280-46ec236d87a4,0.00085
BINANCE:BTCUSDT,2024-12-14 22:51:35.729+0000,2024-12-14 22:51:40.001+0000,101187.699999999997,,trade,43d18f86-d0ad-4b0f-b0f2-9273e37ea072,0.0005
BINANCE:BTCUSDT,2024-12-14 22:51:35.547+0000,2024-12-14 22:51:40.001+0000,101187.699999999997,,trade,167157e1-ed54-4f19-ba06-85234afecabc,8e-05
BINANCE:BTCUSDT,2024-12-14 22:51:35.244+0000,2024-12-14 22:51:40.001+0000,101187.699999999997,,trade,93ab9f79-7aed-4d5b-a0c9-3eb1dc6ddc61,0.00099
BINANCE:BTCUSDT,2024-12-14 22:51:35.236+0000,2024-12-14 22:51:40.001+0000,101187.710000000006,,trade,b02683a5-f293-4e7a-9898-9169c8dca86c,0.00016
BINANCE:BTCUSDT,2024-12-14 22:51:34.776+0000,2024-12-14 22:51:40.001+0000,101187.699999999997,,trade,78c41026-00b9-45dc-8f94-142c802bd247,0.005
BINANCE:BTCUSDT,2024-12-14 22:51:34.417+0000,2024-12-14 22:51:40.001+0000,101187.699999999997,,trade,acb6af04-edc9-4b05-a5ca-f87042be4152,8e-05
BINANCE:BTCUSDT,2024-12-14 22:51:33.444+0000,2024-12-14 22:51:35.001+0000,101182.440000000002,,trade,43c771fd-6439-404a-a6b9-3381b9e928d3,0.0019
BINANCE:BTCUSDT,2024-12-14 22:51:32.567+0000,2024-12-14 22:51:35.001+0000,101182.449999999997,,trade,40d2edad-e66c-49dc-9847-a1a30d7b93bf,0.00027
BINANCE:BTCUSDT,2024-12-14 22:51:31.798+0000,2024-12-14 22:51:35.001+0000,101182.449999999997,,trade,f73add05-a16f-4d09-9fb9-559e66709f2b,0.00075
BINANCE:BTCUSDT,2024-12-14 22:51:31.746+0000,2024-12-14 22:51:35.001+0000,101181.820000000007,,trade,dc29e14d-55af-4c84-8f10-0dfec0c64a92,0.1
BINANCE:BTCUSDT,2024-12-14 22:51:30.387+0000,2024-12-14 22:51:35.001+0000,101181.820000000007,,trade,19159ce4-16d0-47af-8125-44901e45f63f,0.00277
BINANCE:BTCUSDT,2024-12-14 22:51:30.144+0000,2024-12-14 22:51:35.001+0000,101181.820000000007,,trade,86545196-7d71-4311-9507-90a1d7ec8ea9,0.00235
BINANCE:BTCUSDT,2024-12-14 22:51:30.037+0000,2024-12-14 22:51:35.001+0000,101181.820000000007,,trade,08e82de8-b53a-4548-9c98-3aee4c618ca4,0.00137
BINANCE:BTCUSDT,2024-12-14 22:51:30.008+0000,2024-12-14 22:51:35.001+0000,101181.820000000007,,trade,c9ece804-f53a-4fc4-9a3d-ba3038e01269,0.00032
BINANCE:BTCUSDT,2024-12-14 22:51:29.862+0000,2024-12-14 22:51:35.001+0000,101181.820000000007,,trade,e59937b3-032b-4a77-98ea-dc7ad4bc04f7,0.00067
BINANCE:BTCUSDT,2024-12-14 22:51:28.817+0000,2024-12-14 22:51:35.001+0000,101181.820000000007,,trade,61e94ebe-340e-4819-aed9-9a8978841337,0.00045
BINANCE:BTCUSDT,2024-12-14 22:51:28.683+0000,2024-12-14 22:51:35.001+0000,101181.820000000007,,trade,5a6d3cfa-c021-4247-879a-1c9e6f813ee5,0.00019
BINANCE:BTCUSDT,2024-12-14 22:51:28.416+0000,2024-12-14 22:51:30.001+0000,101181.820000000007,,trade,a9643ba6-8c1d-49fd-9155-54c64478b770,0.00989
BINANCE:BTCUSDT,2024-12-14 22:51:28.071+0000,2024-12-14 22:51:30.001+0000,101181.820000000007,,trade,dd9de1da-6e7e-4193-927b-87ffe2589687,0.00045
BINANCE:BTCUSDT,2024-12-14 22:51:27.978+0000,2024-12-14 22:51:30.001+0000,101181.820000000007,,trade,5e22e9e0-c876-43da-b5e3-ec081d11babe,0.00013
BINANCE:BTCUSDT,2024-12-14 22:51:27.940+0000,2024-12-14 22:51:30.001+0000,101181.820000000007,,trade,c9cfc550-11fe-41cc-891a-275cb7e71775,0.00027
BINANCE:BTCUSDT,2024-12-14 22:51:27.789+0000,2024-12-14 22:51:30.001+0000,101181.820000000007,,trade,ea052847-fe78-4157-a3d5-ca79f11b9bf3,0.00031
BINANCE:BTCUSDT,2024-12-14 22:51:27.694+0000,2024-12-14 22:51:30.001+0000,101181.820000000007,,trade,7f2deea4-d470-4a7f-a5f1-36264792299c,0.0005
BINANCE:BTCUSDT,2024-12-14 22:51:27.395+0000,2024-12-14 22:51:30.001+0000,101181.809999999998,,trade,81e33255-d664-4d47-a15b-eb0aaa10382b,0.05476
BINANCE:BTCUSDT,2024-12-14 22:51:27.386+0000,2024-12-14 22:51:30.001+0000,101181.820000000007,,trade,e8a8bdc4-29af-47f4-9390-648bd126de9c,0.01119
BINANCE:BTCUSDT,2024-12-14 22:51:27.187+0000,2024-12-14 22:51:30.001+0000,101181.809999999998,,trade,6921d6d0-5f6f-48ee-a251-0fda6ac0a2ad,0.00121
BINANCE:BTCUSDT,2024-12-14 22:51:27.165+0000,2024-12-14 22:51:30.001+0000,101181.820000000007,,trade,19fcf0e2-6385-4808-bb54-b9dbfeb67cc4,0.0003
BINANCE:BTCUSDT,2024-12-14 22:51:27.147+0000,2024-12-14 22:51:30.001+0000,101181.809999999998,,trade,582ab68c-3d30-4392-9962-89464bcf6a71,0.00675
BINANCE:BTCUSDT,2024-12-14 22:51:26.957+0000,2024-12-14 22:51:30.001+0000,101181.809999999998,,trade,b11ea43e-e917-4990-8a24-d58b64b1ac2c,0.00195
BINANCE:BTCUSDT,2024-12-14 22:51:26.885+0000,2024-12-14 22:51:30.001+0000,101181.820000000007,,trade,4cd63f21-d5a6-4515-bad6-553f7173240d,0.00019
BINANCE:BTCUSDT,2024-12-14 22:51:26.864+0000,2024-12-14 22:51:30.001+0000,101181.809999999998,,trade,d4ccc789-80cd-4605-85b5-b6fe6d80c26b,0.00014
BINANCE:BTCUSDT,2024-12-14 22:51:26.832+0000,2024-12-14 22:51:30.001+0000,101181.809999999998,,trade,b24b7bf6-93e2-4c12-9f49-990524b7aea0,0.00382
BINANCE:BTCUSDT,2024-12-14 22:51:26.671+0000,2024-12-14 22:51:30.001+0000,101181.820000000007,,trade,11fae100-bc9e-4bbe-8a5a-11fc42040a33,0.00098
BINANCE:BTCUSDT,2024-12-14 22:51:26.510+0000,2024-12-14 22:51:30.001+0000,101181.820000000007,,trade,52e811cb-4ac7-4c19-93ea-24eaefcd3f10,7e-05
BINANCE:BTCUSDT,2024-12-14 22:51:26.498+0000,2024-12-14 22:51:30.001+0000,101181.820000000007,,trade,c6371686-4e64-4f76-aef2-4451df01fee6,0.0005
BINANCE:BTCUSDT,2024-12-14 22:51:26.434+0000,2024-12-14 22:51:30.001+0000,101181.820000000007,,trade,67827e3f-7fd5-450e-98f7-1fba2c75ee71,0.00083
BINANCE:BTCUSDT,2024-12-14 22:51:26.414+0000,2024-12-14 22:51:30.001+0000,101181.820000000007,,trade,f3f6d269-aa23-4388-a3b7-d28f1a5e5ad8,0.00272
BINANCE:BTCUSDT,2024-12-14 22:51:26.405+0000,2024-12-14 22:51:30.001+0000,101181.820000000007,,trade,db86eb48-3a1b-46da-96ab-098ae7969b8b,0.00508
BINANCE:BTCUSDT,2024-12-14 22:51:26.379+0000,2024-12-14 22:51:30.001+0000,101181.820000000007,,trade,ada15646-5a91-4b3a-8cec-a7eda1a4d00a,0.00122
BINANCE:BTCUSDT,2024-12-14 22:51:26.278+0000,2024-12-14 22:51:30.001+0000,101181.809999999998,,trade,123b1ba3-4b80-411d-8ed4-c156ca876fa4,0.00012
BINANCE:BTCUSDT,2024-12-14 22:51:26.174+0000,2024-12-14 22:51:30.001+0000,101181.820000000007,,trade,670e3a3b-b511-4f07-8b1d-947d6e055240,0.00301
BINANCE:BTCUSDT,2024-12-14 22:51:25.549+0000,2024-12-14 22:51:30.001+0000,101181.820000000007,,trade,80514759-0e21-43e9-ad31-354475f3779d,0.00207
BINANCE:BTCUSDT,2024-12-14 22:51:25.482+0000,2024-12-14 22:51:30.001+0000,101181.820000000007,,trade,41531e8e-8a86-43d2-b671-0a1e536b744f,0.00596
BINANCE:BTCUSDT,2024-12-14 22:51:25.344+0000,2024-12-14 22:51:30.001+0000,101181.809999999998,,trade,208255e3-ed39-4ddf-8ab8-be00c6e91a0e,0.00087
BINANCE:BTCUSDT,2024-12-14 22:51:24.535+0000,2024-12-14 22:51:30.001+0000,101181.809999999998,,trade,6af18323-b09d-4e53-832f-54643bf1bbe1,0.00318
BINANCE:BTCUSDT,2024-12-14 22:51:24.500+0000,2024-12-14 22:51:30.001+0000,101181.809999999998,,trade,534a35e5-1a51-465d-b311-0a9280455106,0.0006
BINANCE:BTCUSDT,2024-12-14 22:51:23.516+0000,2024-12-14 22:51:25.001+0000,101181.809999999998,,trade,f93224cd-af1e-4a07-8f90-fc6f65d1be3d,0.00959
BINANCE:BTCUSDT,2024-12-14 22:51:23.506+0000,2024-12-14 22:51:25.001+0000,101179.5,,trade,d67fa1c5-9e70-4439-97ef-35551ec71ab3,0.00998
BINANCE:BTCUSDT,2024-12-14 22:51:23.202+0000,2024-12-14 22:51:25.001+0000,101179.289999999994,,trade,523f302f-e278-4e7c-ba1e-1505aeaace5d,0.00011
BINANCE:BTCUSDT,2024-12-14 22:51:23.187+0000,2024-12-14 22:51:25.001+0000,101179.289999999994,,trade,8345776f-b661-4cce-a91b-f80ed3f220e7,0.00022
BINANCE:BTCUSDT,2024-12-14 22:51:23.100+0000,2024-12-14 22:51:25.001+0000,101179.289999999994,,trade,f4f55adb-60da-4dc5-856b-8caa1f14a163,0.00054
BINANCE:BTCUSDT,2024-12-14 22:51:22.933+0000,2024-12-14 22:51:25.001+0000,101179.289999999994,,trade,2a3a67a4-913a-43fe-a11b-1fca86a33f99,5e-05
BINANCE:BTCUSDT,2024-12-14 22:51:22.914+0000,2024-12-14 22:51:25.001+0000,101179.289999999994,,trade,62e9d6be-70f7-46b4-a304-ca343d41d063,0.0005
BINANCE:BTCUSDT,2024-12-14 22:51:22.909+0000,2024-12-14 22:51:25.001+0000,101179.289999999994,,trade,ec74f39e-10f2-40a1-a103-6ea07c3c286a,0.0005
BINANCE:BTCUSDT,2024-12-14 22:51:22.881+0000,2024-12-14 22:51:25.001+0000,101179.279999999999,,trade,e5a6588e-2d47-4f0b-b5cf-a01d616dab35,0.0038
BINANCE:BTCUSDT,2024-12-14 22:51:22.874+0000,2024-12-14 22:51:25.001+0000,101179.279999999999,,trade,a16e488f-4b00-4c2d-be96-387990f05267,0.00048
BINANCE:BTCUSDT,2024-12-14 22:51:22.865+0000,2024-12-14 22:51:25.001+0000,101179.279999999999,,trade,85c99305-3bd2-4d3d-9d1b-413cf6b7c6ac,0.01948
BINANCE:BTCUSDT,2024-12-14 22:51:22.809+0000,2024-12-14 22:51:25.001+0000,101179.289999999994,,trade,1795033d-0117-4a8b-b10d-52fbafe85845,5e-05
BINANCE:BTCUSDT,2024-12-14 22:51:22.409+0000,2024-12-14 22:51:25.001+0000,101179.289999999994,,trade,830d11d6-6b5e-49ef-954d-f29bd438b7c4,0.00117
BINANCE:BTCUSDT,2024-12-14 22:51:22.170+0000,2024-12-14 22:51:25.001+0000,101179.289999999994,,trade,7ff06659-b7ab-49ec-a3de-2438549ba895,0.00045
BINANCE:BTCUSDT,2024-12-14 22:51:21.456+0000,2024-12-14 22:51:25.001+0000,101179.279999999999,,trade,a54d7e07-3893-4ca2-b0df-43397f5573de,0.00045
BINANCE:BTCUSDT,2024-12-14 22:51:21.218+0000,2024-12-14 22:51:25.001+0000,101179.289999999994,,trade,a832d01c-4a3d-42a8-8dcd-23131f12fcca,0.00086
BINANCE:BTCUSDT,2024-12-14 22:51:19.785+0000,2024-12-14 22:51:25.001+0000,101179.279999999999,,trade,4ac0c9f8-2991-484d-81dd-34f918495442,0.00185
BINANCE:BTCUSDT,2024-12-14 22:51:19.491+0000,2024-12-14 22:51:25.001+0000,101179.289999999994,,trade,d2e1896b-53d1-4e0a-8c99-c303906ec64f,0.00045
BINANCE:BTCUSDT,2024-12-14 22:51:19.428+0000,2024-12-14 22:51:25.001+0000,101179.289999999994,,trade,e409d8ec-cac4-43fd-9e23-c458d165b35b,0.0006
BINANCE:BTCUSDT,2024-12-14 22:51:19.380+0000,2024-12-14 22:51:25.001+0000,101179.289999999994,,trade,27a06479-cf38-423a-876c-5cfcf4cd3c6b,9e-05
BINANCE:BTCUSDT,2024-12-14 22:51:19.196+0000,2024-12-14 22:51:25.001+0000,101179.289999999994,,trade,026df528-a82c-455e-8c27-e34b3aacff3c,0.00055
BINANCE:BTCUSDT,2024-12-14 22:51:19.178+0000,2024-12-14 22:51:25.001+0000,101179.289999999994,,trade,2b3d3403-7db0-41f6-940b-55b4a197c0c8,0.0005
BINANCE:BTCUSDT,2024-12-14 22:51:19.168+0000,2024-12-14 22:51:25.001+0000,101179.289999999994,,trade,c04b938e-4bd6-48be-9b8e-7f2a3bdbeec0,0.00012
BINANCE:BTCUSDT,2024-12-14 22:51:19.075+0000,2024-12-14 22:51:25.001+0000,101179.279999999999,,trade,a116b52a-0315-4455-a6dc-26b9a7a66125,0.00069
BINANCE:BTCUSDT,2024-12-14 22:51:18.409+0000,2024-12-14 22:51:20.001+0000,101179.289999999994,,trade,81ee513e-021b-466e-a893-6b9b85decb10,0.00011
BINANCE:BTCUSDT,2024-12-14 22:51:18.347+0000,2024-12-14 22:51:20.001+0000,101179.289999999994,,trade,2a5d8af5-347a-438f-9c1a-b9ade1ee9055,0.00052
BINANCE:BTCUSDT,2024-12-14 22:51:17.962+0000,2024-12-14 22:51:20.001+0000,101179.279999999999,,trade,e47e1cd5-a1d6-43bd-aab3-b0a994095e95,5e-05
BINANCE:BTCUSDT,2024-12-14 22:51:17.782+0000,2024-12-14 22:51:20.001+0000,101179.289999999994,,trade,16bb6b86-35c8-475f-ab67-38ae1baf93e6,0.00017
BINANCE:BTCUSDT,2024-12-14 22:51:17.658+0000,2024-12-14 22:51:20.001+0000,101179.289999999994,,trade,fedd8cde-1ad4-4558-897a-d94d36d9bb63,0.00131
BINANCE:BTCUSDT,2024-12-14 22:51:17.396+0000,2024-12-14 22:51:20.001+0000,101179.279999999999,,trade,b81faede-fbbb-41f7-934c-1c8ef333da74,0.04892
BINANCE:BTCUSDT,2024-12-14 22:51:17.244+0000,2024-12-14 22:51:20.001+0000,101179.289999999994,,trade,9c414098-f182-4ece-935f-ada7d3aa177d,0.00057
BINANCE:BTCUSDT,2024-12-14 22:51:17.221+0000,2024-12-14 22:51:20.001+0000,101179.289999999994,,trade,35b70d42-76e5-4a00-bcdf-72252e510b2c,0.00045
BINANCE:BTCUSDT,2024-12-14 22:51:16.642+0000,2024-12-14 22:51:20.001+0000,101179.289999999994,,trade,66bbbc9a-69c8-4042-bc89-b76b3edb6d6d,0.0073
BINANCE:BTCUSDT,2024-12-14 22:51:16.577+0000,2024-12-14 22:51:20.001+0000,101179.289999999994,,trade,6fa59896-21f6-4604-ae65-5cecc6c127e6,7e-05
BINANCE:BTCUSDT,2024-12-14 22:51:16.487+0000,2024-12-14 22:51:20.001+0000,101179.279999999999,,trade,cb1baebf-4831-427f-9a95-e9256b1147dd,0.00317
BINANCE:BTCUSDT,2024-12-14 22:51:16.406+0000,2024-12-14 22:51:20.001+0000,101179.289999999994,,trade,7d9a8f28-ff24-4d15-81ad-613577e1e2db,0.00013
BINANCE:BTCUSDT,2024-12-14 22:51:15.514+0000,2024-12-14 22:51:20.001+0000,101179.289999999994,,trade,d645ada2-84ff-4cc0-b041-8783003db593,0.00045
BINANCE:BTCUSDT,2024-12-14 22:51:15.503+0000,2024-12-14 22:51:20.001+0000,101179.279999999999,,trade,cae5e296-9826-4f86-8c77-e276cc074c87,0.00907
BINANCE:BTCUSDT,2024-12-14 22:51:15.454+0000,2024-12-14 22:51:20.001+0000,101179.279999999999,,trade,19a5e386-3008-4c60-a10b-8eefb2d35c93,0.00057
BINANCE:BTCUSDT,2024-12-14 22:51:15.344+0000,2024-12-14 22:51:20.001+0000,101179.289999999994,,trade,23deba14-2064-41e3-8b14-5a881ea4a5ec,0.00037
BINANCE:BTCUSDT,2024-12-14 22:51:15.269+0000,2024-12-14 22:51:20.001+0000,101179.289999999994,,trade,76dbf90a-7a9e-481a-a5a3-a9b42cccdde3,0.00148
BINANCE:BTCUSDT,2024-12-14 22:51:15.067+0000,2024-12-14 22:51:20.001+0000,101179.289999999994,,trade,424f2c67-32cc-4818-ba8f-2a8af74e9264,0.00045
BINANCE:BTCUSDT,2024-12-14 22:51:15.062+0000,2024-12-14 22:51:20.001+0000,101179.289999999994,,trade,1d0b97b6-7e60-4ce6-a53c-a7339ec8daaf,0.00045
BINANCE:BTCUSDT,2024-12-14 22:51:14.760+0000,2024-12-14 22:51:20.001+0000,101179.289999999994,,trade,35bc835d-ef6d-47fb-a2c4-b78ad31af6fc,0.00045
BINANCE:BTCUSDT,2024-12-14 22:51:14.605+0000,2024-12-14 22:51:20.001+0000,101179.289999999994,,trade,85c2ab4b-e072-42ac-a480-11036e5ecf07,0.00031
BINANCE:BTCUSDT,2024-12-14 22:51:14.446+0000,2024-12-14 22:51:20.001+0000,101179.279999999999,,trade,a4356c74-4ae9-4189-a28a-cf86698035de,0.00127
BINANCE:BTCUSDT,2024-12-14 22:51:14.010+0000,2024-12-14 22:51:20.001+0000,101179.289999999994,,trade,15388be1-b00c-4fbc-93c3-485670cca403,0.00045
BINANCE:BTCUSDT,2024-12-14 22:51:13.262+0000,2024-12-14 22:51:15.001+0000,101179.289999999994,,trade,6a3ed746-794c-4f85-91b9-f20b6260f5d5,0.00045
BINANCE:BTCUSDT,2024-12-14 22:51:12.717+0000,2024-12-14 22:51:15.001+0000,101178.160000000003,,trade,b1e18ee5-02fc-497d-8358-39fd7d228ed8,0.00266
BINANCE:BTCUSDT,2024-12-14 22:51:12.715+0000,2024-12-14 22:51:15.001+0000,101178.149999999994,,trade,b7054d57-e3b7-47de-99e9-c5799f6e6c03,5e-05
BINANCE:BTCUSDT,2024-12-14 22:51:12.655+0000,2024-12-14 22:51:15.001+0000,101176.479999999996,,trade,ce21078c-b5cf-476c-9085-64300f304460,0.00233
BINANCE:BTCUSDT,2024-12-14 22:51:12.261+0000,2024-12-14 22:51:15.001+0000,101176.470000000001,,trade,16059dbb-a3d2-4dce-8a16-7301fe2dcd2d,0.00625
BINANCE:BTCUSDT,2024-12-14 22:51:11.881+0000,2024-12-14 22:51:15.001+0000,101176.470000000001,,trade,f9702239-27db-4b09-b5f7-11a41d0c921f,0.00022
BINANCE:BTCUSDT,2024-12-14 22:51:11.169+0000,2024-12-14 22:51:15.001+0000,101176.470000000001,,trade,7b0950ea-3a83-43b5-b1ea-fb86e98a7a78,0.00626
BINANCE:BTCUSDT,2024-12-14 22:51:10.394+0000,2024-12-14 22:51:15.001+0000,101176.479999999996,,trade,d17360aa-fa94-41b4-ac7c-82cb7e0e9a0e,0.00148
BINANCE:BTCUSDT,2024-12-14 22:51:09.907+0000,2024-12-14 22:51:15.001+0000,101176.25,,trade,d96eb85c-fee4-4a9b-a4a3-21b53179b250,0.00022
BINANCE:BTCUSDT,2024-12-14 22:51:09.425+0000,2024-12-14 22:51:15.001+0000,101176.240000000005,,trade,c648df62-bb55-4971-a63e-7ec344d15e89,0.01483
BINANCE:BTCUSDT,2024-12-14 22:51:09.068+0000,2024-12-14 22:51:15.001+0000,101176.240000000005,,trade,f0777836-dd47-4108-91ac-7658370a5cd7,0.00021
BINANCE:BTCUSDT,2024-12-14 22:51:08.981+0000,2024-12-14 22:51:15.001+0000,101176.240000000005,,trade,eb3c92cc-9829-487e-9880-89c599226293,0.00065
BINANCE:BTCUSDT,2024-12-14 22:51:08.429+0000,2024-12-14 22:51:10.001+0000,101176,,trade,e04a176e-1949-4843-b749-b1a3281d8384,0.01185
BINANCE:BTCUSDT,2024-12-14 22:51:08.428+0000,2024-12-14 22:51:10.001+0000,101176,,trade,7fa8b4db-4437-41d0-8dac-a5198f2e87d7,0.00086
BINANCE:BTCUSDT,2024-12-14 22:51:08.149+0000,2024-12-14 22:51:10.001+0000,101175.990000000005,,trade,8f055749-14de-4ea7-9e2a-1533ea1d3cd4,0.00026
BINANCE:BTCUSDT,2024-12-14 22:51:07.982+0000,2024-12-14 22:51:10.001+0000,101175.990000000005,,trade,2e70a97b-5bbc-4fd0-8f62-e754ac1a2e80,0.00243
BINANCE:BTCUSDT,2024-12-14 22:51:07.791+0000,2024-12-14 22:51:10.001+0000,101175.289999999994,,trade,c72b0acd-7d34-4678-83b2-0ba80349b6e5,0.002
BINANCE:BTCUSDT,2024-12-14 22:51:07.680+0000,2024-12-14 22:51:10.001+0000,101174.479999999996,,trade,e767efd8-2f8b-4d38-af1a-95ca191c3c8f,0.00216
BINANCE:BTCUSDT,2024-12-14 22:51:07.632+0000,2024-12-14 22:51:10.001+0000,101174.470000000001,,trade,04a7867c-e831-4035-b0f4-5bdc5c99a217,0.00044
BINANCE:BTCUSDT,2024-12-14 22:51:07.619+0000,2024-12-14 22:51:10.001+0000,101174.470000000001,,trade,45131cd3-35fd-419b-83b3-b9c3cda2bf56,0.00093
BINANCE:BTCUSDT,2024-12-14 22:51:07.396+0000,2024-12-14 22:51:10.001+0000,101174.460000000006,,trade,062045ab-f7ff-49f9-9b77-88d13363e686,0.05412
BINANCE:BTCUSDT,2024-12-14 22:51:07.150+0000,2024-12-14 22:51:10.001+0000,101174.470000000001,,trade,34592cb2-1a21-4415-8746-7b4af961f5e6,0.00576
BINANCE:BTCUSDT,2024-12-14 22:51:06.821+0000,2024-12-14 22:51:10.001+0000,101174.470000000001,,trade,612964dc-4fb9-4243-8cc1-9b6047f944ce,8e-05
BINANCE:BTCUSDT,2024-12-14 22:51:06.748+0000,2024-12-14 22:51:10.001+0000,101174.460000000006,,trade,a2dc412e-690c-4160-b561-c71cef9aa49e,0.0002
BINANCE:BTCUSDT,2024-12-14 22:51:06.456+0000,2024-12-14 22:51:10.001+0000,101174.460000000006,,trade,2f6d64f2-d0d0-41a3-a0cd-662ec1ed4f7e,6e-05
BINANCE:BTCUSDT,2024-12-14 22:51:06.218+0000,2024-12-14 22:51:10.001+0000,101174.470000000001,,trade,db76ba16-f1e2-46f7-8c49-530fbcd53978,0.00988
BINANCE:BTCUSDT,2024-12-14 22:51:06.103+0000,2024-12-14 22:51:10.001+0000,101174.470000000001,,trade,f4ed0a51-7fdd-4343-9885-fde660dc3164,0.00099
BINANCE:BTCUSDT,2024-12-14 22:51:06.088+0000,2024-12-14 22:51:10.001+0000,101174.160000000003,,trade,254da027-863f-485c-85db-d4d69e3230f3,0.00058
BINANCE:BTCUSDT,2024-12-14 22:51:05.719+0000,2024-12-14 22:51:10.001+0000,101174.169999999998,,trade,3b254714-06c3-4278-a913-28c10fcd30da,0.00438
BINANCE:BTCUSDT,2024-12-14 22:51:04.795+0000,2024-12-14 22:51:10.001+0000,101174.169999999998,,trade,ed19fb8e-14f9-4af1-8048-3c6be296699b,0.00142
BINANCE:BTCUSDT,2024-12-14 22:51:04.753+0000,2024-12-14 22:51:10.001+0000,101174.169999999998,,trade,26c21854-f340-4384-b86b-8ad598f51dee,0.00266
BINANCE:BTCUSDT,2024-12-14 22:51:04.750+0000,2024-12-14 22:51:10.001+0000,101174.169999999998,,trade,c8ee994b-499a-4620-8de8-7182e0b5be7a,0.00266
BINANCE:BTCUSDT,2024-12-14 22:51:04.749+0000,2024-12-14 22:51:10.001+0000,101174.160000000003,,trade,dec5777b-7dbe-409a-a02a-b684951ec676,8e-05
BINANCE:BTCUSDT,2024-12-14 22:51:04.629+0000,2024-12-14 22:51:10.001+0000,101172.850000000006,,trade,5b28dcd1-53f2-48d2-8d60-11b06d799271,0.00141
BINANCE:BTCUSDT,2024-12-14 22:51:04.187+0000,2024-12-14 22:51:10.001+0000,101172.850000000006,,trade,0cf932d3-7d38-452f-93c3-89c94cf235c7,0.005
BINANCE:BTCUSDT,2024-12-14 22:51:03.426+0000,2024-12-14 22:51:10.001+0000,101172.839999999997,,trade,317a57e3-82d6-487e-8412-fccf165d0276,0.001
BINANCE:BTCUSDT,2024-12-14 22:51:03.418+0000,2024-12-14 22:51:10.001+0000,101172.839999999997,,trade,1988a8b5-9b4f-47fb-a06b-1c29d5d33812,0.00152
BINANCE:BTCUSDT,2024-12-14 22:51:02.396+0000,2024-12-14 22:51:05.001+0000,101172.839999999997,,trade,172a82a3-4918-44f5-9082-19ee2aa2edeb,0.05678
BINANCE:BTCUSDT,2024-12-14 22:51:02.270+0000,2024-12-14 22:51:05.001+0000,101172.850000000006,,trade,48b73ee1-91c1-4125-9f78-f8ae84256897,6e-05
BINANCE:BTCUSDT,2024-12-14 22:51:02.054+0000,2024-12-14 22:51:05.001+0000,101172.850000000006,,trade,b30cefe2-20cb-4bd1-8398-510e68746fd8,0.0004
BINANCE:BTCUSDT,2024-12-14 22:51:01.687+0000,2024-12-14 22:51:05.001+0000,101172.850000000006,,trade,9016cc96-dd48-4c88-abde-ed8b3ba0ba82,0.00021
BINANCE:BTCUSDT,2024-12-14 22:51:01.331+0000,2024-12-14 22:51:05.001+0000,101172.839999999997,,trade,cdd99515-2cb3-4ae3-8325-cf8137df4bbb,0.00035
BINANCE:BTCUSDT,2024-12-14 22:51:01.111+0000,2024-12-14 22:51:05.001+0000,101172.850000000006,,trade,24632e6e-d9f5-4224-b8a4-c410144cff3d,6e-05
BINANCE:BTCUSDT,2024-12-14 22:50:59.657+0000,2024-12-14 22:51:05.001+0000,101172.839999999997,,trade,eda5e546-381d-46ff-a0bb-336284fb1d12,0.00208
BINANCE:BTCUSDT,2024-12-14 22:50:59.545+0000,2024-12-14 22:51:05.001+0000,101172.839999999997,,trade,755c8c7c-4117-486f-9dc7-22daa7347a7b,0.00084
BINANCE:BTCUSDT,2024-12-14 22:50:59.028+0000,2024-12-14 22:51:05.001+0000,101172.839999999997,,trade,35aaaa43-2179-47a9-9d4d-919953bc3517,0.0006
BINANCE:BTCUSDT,2024-12-14 22:50:58.721+0000,2024-12-14 22:51:05.001+0000,101172.850000000006,,trade,6d3b0b4d-30ba-4f66-99ec-81f0999cdb57,0.00022
BINANCE:BTCUSDT,2024-12-14 22:50:58.018+0000,2024-12-14 22:51:00.001+0000,101172.850000000006,,trade,b4074b08-be7a-452e-aefa-0c9d2c0bb777,0.00047
BINANCE:BTCUSDT,2024-12-14 22:50:57.595+0000,2024-12-14 22:51:00.001+0000,101172.839999999997,,trade,a48e9b27-6549-4aeb-a987-7770e8299f6c,0.00128
BINANCE:BTCUSDT,2024-12-14 22:50:56.955+0000,2024-12-14 22:51:00.001+0000,101172.839999999997,,trade,aea3c9db-7f34-4860-9d3e-799399e56f9c,0.00694
BINANCE:BTCUSDT,2024-12-14 22:50:56.837+0000,2024-12-14 22:51:00.001+0000,101172.850000000006,,trade,2f6b56f9-7c17-4dae-ac7c-2e8547974a83,0.0015
BINANCE:BTCUSDT,2024-12-14 22:50:55.861+0000,2024-12-14 22:51:00.001+0000,101172.839999999997,,trade,fd3bd0c6-63dd-4495-944c-f61b6c5f2640,0.00027
BINANCE:BTCUSDT,2024-12-14 22:50:55.220+0000,2024-12-14 22:51:00.001+0000,101172.850000000006,,trade,9a281ba4-f541-4de0-8d63-8f3b3da64233,0.00019
BINANCE:BTCUSDT,2024-12-14 22:50:55.156+0000,2024-12-14 22:51:00.001+0000,101172.839999999997,,trade,6337cff2-0c73-4423-8b6e-d5ba695fd697,0.00058
BINANCE:BTCUSDT,2024-12-14 22:50:55.131+0000,2024-12-14 22:51:00.001+0000,101172.850000000006,,trade,f83cdc65-45c2-4d5a-9a52-d464e816c37a,0.0001
BINANCE:BTCUSDT,2024-12-14 22:50:55.058+0000,2024-12-14 22:51:00.001+0000,101172.839999999997,,trade,3ef2b3ac-c363-4025-b3b8-0f6b588b7249,0.00098
BINANCE:BTCUSDT,2024-12-14 22:50:54.897+0000,2024-12-14 22:51:00.001+0000,101172.850000000006,,trade,918516a3-9276-466b-9212-5bbc5dbe2da8,0.00117
BINANCE:BTCUSDT,2024-12-14 22:50:54.048+0000,2024-12-14 22:51:00.001+0000,101172.839999999997,,trade,bb0b6c23-92b2-4a0d-a138-2495926e7c74,0.00491
BINANCE:BTCUSDT,2024-12-14 22:50:54.016+0000,2024-12-14 22:51:00.001+0000,101172.839999999997,,trade,fb8b6e8c-ca52-4291-a850-3a82729623e4,8e-05
BINANCE:BTCUSDT,2024-12-14 22:50:53.848+0000,2024-12-14 22:51:00.001+0000,101169.979999999996,,trade,3c7cf3ad-54cc-456d-8191-e78a58c4041e,0.00046
BINANCE:BTCUSDT,2024-12-14 22:50:53.786+0000,2024-12-14 22:51:00.001+0000,101169.990000000005,,trade,b3f72093-1c6c-4b1a-8ef0-4c71c273d243,0.00011
BINANCE:BTCUSDT,2024-12-14 22:50:53.776+0000,2024-12-14 22:51:00.001+0000,101169.979999999996,,trade,21a266c7-69d3-48e3-a4cc-9fd8684213bc,0.027
BINANCE:BTCUSDT,2024-12-14 22:50:52.946+0000,2024-12-14 22:50:55.001+0000,101169.990000000005,,trade,c3ca2c35-94e0-4de9-8ef7-7982b201c8b3,0.0002
BINANCE:BTCUSDT,2024-12-14 22:50:51.914+0000,2024-12-14 22:50:55.001+0000,101169.979999999996,,trade,16c99efb-a35d-46f0-b70b-a3e8b4f4c53c,0.00385
BINANCE:BTCUSDT,2024-12-14 22:50:50.861+0000,2024-12-14 22:50:55.001+0000,101169.990000000005,,trade,59c5d1b4-cbf4-4619-8b3f-651ac990aff3,0.00367
BINANCE:BTCUSDT,2024-12-14 22:50:49.140+0000,2024-12-14 22:50:55.001+0000,101169.979999999996,,trade,34f64c43-258f-4904-a47d-5cbdb63fc8db,0.0002
BINANCE:BTCUSDT,2024-12-14 22:50:49.103+0000,2024-12-14 22:50:55.001+0000,101169.990000000005,,trade,9cabcbb1-d0e9-4266-8d98-76c11502c576,0.00641
BINANCE:BTCUSDT,2024-12-14 22:50:48.719+0000,2024-12-14 22:50:55.001+0000,101169.979999999996,,trade,f6869c35-02e4-46f5-9e60-016ee61ced3c,8e-05
BINANCE:BTCUSDT,2024-12-14 22:50:48.428+0000,2024-12-14 22:50:55.001+0000,101169.990000000005,,trade,2f2f15a0-8f05-4ac4-87dc-83594c452ce2,0.00737
BINANCE:BTCUSDT,2024-12-14 22:50:47.969+0000,2024-12-14 22:50:50.001+0000,101169.990000000005,,trade,ed488e54-8501-477f-9756-8aa04a3edd92,0.06175
BINANCE:BTCUSDT,2024-12-14 22:50:47.157+0000,2024-12-14 22:50:50.001+0000,101169.979999999996,,trade,e74d87be-3fff-4fdb-8881-79b4021038a9,0.0011
BINANCE:BTCUSDT,2024-12-14 22:50:46.886+0000,2024-12-14 22:50:50.001+0000,101169.979999999996,,trade,53acc9a4-d19d-436f-b865-31e062b6e1cc,0.00128
BINANCE:BTCUSDT,2024-12-14 22:50:46.044+0000,2024-12-14 22:50:50.001+0000,101169.990000000005,,trade,1758c8b2-4b2a-4ce7-89d0-6e311a601dc3,0.0055
BINANCE:BTCUSDT,2024-12-14 22:50:45.851+0000,2024-12-14 22:50:50.001+0000,101169.990000000005,,trade,6effb8f0-e3e1-4759-9e07-b189bc5db0e2,0.00102
BINANCE:BTCUSDT,2024-12-14 22:50:45.732+0000,2024-12-14 22:50:50.001+0000,101169.990000000005,,trade,94ec52fa-3052-4010-bbc5-4df954429ff5,0.00058
BINANCE:BTCUSDT,2024-12-14 22:50:45.484+0000,2024-12-14 22:50:50.001+0000,101169.990000000005,,trade,829e31d1-0e32-4385-8c17-a10eedd07255,7e-05
BINANCE:BTCUSDT,2024-12-14 22:50:45.125+0000,2024-12-14 22:50:50.001+0000,101169.979999999996,,trade,40bda2ae-ef60-4866-8d65-254a846ded98,0.00982
BINANCE:BTCUSDT,2024-12-14 22:50:44.297+0000,2024-12-14 22:50:50.001+0000,101169.979999999996,,trade,68ad60cb-6858-4e18-ab2b-df26f16c03a9,0.12889
BINANCE:BTCUSDT,2024-12-14 22:50:43.518+0000,2024-12-14 22:50:50.001+0000,101169.990000000005,,trade,857be870-7579-4c91-b8d0-762ad1b3bea6,0.00054
BINANCE:BTCUSDT,2024-12-14 22:50:43.174+0000,2024-12-14 22:50:45.001+0000,101169.990000000005,,trade,52fd0af2-a499-4b09-97ae-3d23f04df27d,0.00016
BINANCE:BTCUSDT,2024-12-14 22:50:43.122+0000,2024-12-14 22:50:45.001+0000,101169.990000000005,,trade,db6e8383-6ffe-4b7b-b03e-fb2c3dc42682,0.00121
BINANCE:BTCUSDT,2024-12-14 22:50:42.397+0000,2024-12-14 22:50:45.001+0000,101169.979999999996,,trade,43bbaf19-f546-4c73-ac5b-72721a8364e5,0.05664
BINANCE:BTCUSDT,2024-12-14 22:50:42.218+0000,2024-12-14 22:50:45.001+0000,101169.990000000005,,trade,cdd1d37a-eb92-474e-8c77-5080901df420,0.00024
BINANCE:BTCUSDT,2024-12-14 22:50:42.147+0000,2024-12-14 22:50:45.001+0000,101169.979999999996,,trade,ef1388f9-2711-4648-abc1-dfccbe72cc4b,0.00081
BINANCE:BTCUSDT,2024-12-14 22:50:41.877+0000,2024-12-14 22:50:45.001+0000,101169.979999999996,,trade,6cb7438a-e0b9-4f29-a245-bc7d323c66bf,0.00108
BINANCE:BTCUSDT,2024-12-14 22:50:40.020+0000,2024-12-14 22:50:45.001+0000,101169.979999999996,,trade,1ed30554-a1c2-40d0-961a-04eb7cfccb0d,0.00025
BINANCE:BTCUSDT,2024-12-14 22:50:39.761+0000,2024-12-14 22:50:45.001+0000,101169.990000000005,,trade,aadcc727-bc35-48e8-af40-f01ee32bb329,0.0005
BINANCE:BTCUSDT,2024-12-14 22:50:38.072+0000,2024-12-14 22:50:40.001+0000,101169.979999999996,,trade,ba95aa45-1ceb-42a9-b946-9aec4a8a975d,0.00049
BINANCE:BTCUSDT,2024-12-14 22:50:37.936+0000,2024-12-14 22:50:40.001+0000,101169.979999999996,,trade,753c97a2-961b-4172-a28b-d523ad12ff10,0.00016
BINANCE:BTCUSDT,2024-12-14 22:50:37.711+0000,2024-12-14 22:50:40.001+0000,101169.979999999996,,trade,d594f464-3e72-404c-a38f-d02037cdb4e9,0.00014
BINANCE:BTCUSDT,2024-12-14 22:50:37.396+0000,2024-12-14 22:50:40.001+0000,101169.979999999996,,trade,005cdd86-002d-406a-80eb-50755b9933c7,0.0616
BINANCE:BTCUSDT,2024-12-14 22:50:36.607+0000,2024-12-14 22:50:40.001+0000,101169.979999999996,,trade,66357b5d-4e32-4c96-b0dc-c80e45322bc9,0.00853
BINANCE:BTCUSDT,2024-12-14 22:50:36.003+0000,2024-12-14 22:50:40.001+0000,101169.990000000005,,trade,3d6b8bd7-8541-4315-b893-ee700601763d,0.00121
BINANCE:BTCUSDT,2024-12-14 22:50:35.647+0000,2024-12-14 22:50:40.001+0000,101169.990000000005,,trade,62f48d91-693e-432b-a436-49c48be1a671,0.01482
BINANCE:BTCUSDT,2024-12-14 22:50:34.812+0000,2024-12-14 22:50:40.001+0000,101169.990000000005,,trade,d79f173a-3e21-4077-9dda-3bbeed3f5cef,0.01094
BINANCE:BTCUSDT,2024-12-14 22:50:34.710+0000,2024-12-14 22:50:40.001+0000,101169.990000000005,,trade,80205e2b-461b-4953-812a-90e4a5ef2f7a,0.01695
BINANCE:BTCUSDT,2024-12-14 22:50:34.226+0000,2024-12-14 22:50:40.001+0000,101169.990000000005,,trade,ae46996c-a68e-4634-b803-1ac974901ccd,0.0004
BINANCE:BTCUSDT,2024-12-14 22:50:33.573+0000,2024-12-14 22:50:35.001+0000,101169.990000000005,,trade,1307d2b9-a266-4cd2-8f64-d7f4f99d8b48,0.00062
BINANCE:BTCUSDT,2024-12-14 22:50:32.582+0000,2024-12-14 22:50:35.001+0000,101169.990000000005,,trade,c74382a1-1a88-4f06-bbcc-016bc59fe259,0.00025
BINANCE:BTCUSDT,2024-12-14 22:50:32.397+0000,2024-12-14 22:50:35.001+0000,101169.979999999996,,trade,f62cea2b-084b-4aa4-ab90-553969819375,0.05182
BINANCE:BTCUSDT,2024-12-14 22:50:32.220+0000,2024-12-14 22:50:35.001+0000,101169.979999999996,,trade,a3abc8ca-2f83-4117-ba70-6c99bdd1d0b9,0.00014
BINANCE:BTCUSDT,2024-12-14 22:50:31.742+0000,2024-12-14 22:50:35.001+0000,101169.990000000005,,trade,2528b6cf-2473-4239-98c9-e91e6a15c853,0.00099
BINANCE:BTCUSDT,2024-12-14 22:50:31.236+0000,2024-12-14 22:50:35.001+0000,101169.990000000005,,trade,fe8e81ac-06f9-49b7-b865-095a638ccd2d,0.0004
BINANCE:BTCUSDT,2024-12-14 22:50:31.203+0000,2024-12-14 22:50:35.001+0000,101169.979999999996,,trade,0275d8f5-3b83-4752-b87e-048c04f9ac78,0.00059
BINANCE:BTCUSDT,2024-12-14 22:50:30.194+0000,2024-12-14 22:50:35.001+0000,101169.910000000003,,trade,bedc4f32-627e-48ac-8c0b-360d2abd020b,0.00266
BINANCE:BTCUSDT,2024-12-14 22:50:30.192+0000,2024-12-14 22:50:35.001+0000,101169.899999999994,,trade,d907df9a-402d-4531-99e4-75c4ff0338f8,8e-05
BINANCE:BTCUSDT,2024-12-14 22:50:30.006+0000,2024-12-14 22:50:35.001+0000,101168.020000000004,,trade,2e4b48ee-7d45-4fba-8f85-864ef773c0b0,0.00032
BINANCE:BTCUSDT,2024-12-14 22:50:28.601+0000,2024-12-14 22:50:30.001+0000,101168.009999999995,,trade,80e6b6f7-7331-43a9-8572-460e93c9f79c,8e-05
BINANCE:BTCUSDT,2024-12-14 22:50:28.574+0000,2024-12-14 22:50:30.001+0000,101164.470000000001,,trade,d03e71a4-754f-487f-bddb-f016d58e3825,0.27217
BINANCE:BTCUSDT,2024-12-14 22:50:28.546+0000,2024-12-14 22:50:30.001+0000,101164.470000000001,,trade,90645f79-12d7-4bbe-8b9c-29406563ea0f,0.0005
BINANCE:BTCUSDT,2024-12-14 22:50:28.544+0000,2024-12-14 22:50:30.001+0000,101164.470000000001,,trade,7bd1bf83-a573-4932-9379-f4034aa4eee4,0.0005
BINANCE:BTCUSDT,2024-12-14 22:50:27.953+0000,2024-12-14 22:50:30.001+0000,101164.460000000006,,trade,8972c43c-835c-467c-8f66-5e4d57f997b8,0.00499
BINANCE:BTCUSDT,2024-12-14 22:50:27.703+0000,2024-12-14 22:50:30.001+0000,101164.470000000001,,trade,b3e5145d-a90d-4d4c-93ea-7bce99cf76bd,0.07798
BINANCE:BTCUSDT,2024-12-14 22:50:27.286+0000,2024-12-14 22:50:30.001+0000,101164.470000000001,,trade,59102e06-cd81-490f-bc87-6ffe92189fd1,0.0006
BINANCE:BTCUSDT,2024-12-14 22:50:27.247+0000,2024-12-14 22:50:30.001+0000,101164.460000000006,,trade,2d4aba5d-20a3-49bb-8546-10e6b2951ad2,0.00014
BINANCE:BTCUSDT,2024-12-14 22:50:27.091+0000,2024-12-14 22:50:30.001+0000,101164.470000000001,,trade,829151d4-3a5a-4bb3-ae64-e7c9376f8b42,0.00012
BINANCE:BTCUSDT,2024-12-14 22:50:26.675+0000,2024-12-14 22:50:30.001+0000,101164.470000000001,,trade,6933594c-c1c1-4c42-acb6-a1f27e349e06,0.00019
BINANCE:BTCUSDT,2024-12-14 22:50:26.418+0000,2024-12-14 22:50:30.001+0000,101164.470000000001,,trade,6b0db7e5-1589-40b9-9b74-e007fabc5746,0.00467
BINANCE:BTCUSDT,2024-12-14 22:50:26.239+0000,2024-12-14 22:50:30.001+0000,101164.470000000001,,trade,1172ea8e-777c-4669-a6d4-bb823073f5fa,0.00065
BINANCE:BTCUSDT,2024-12-14 22:50:25.972+0000,2024-12-14 22:50:30.001+0000,101164.470000000001,,trade,3c2001b9-bf12-4656-8a8d-638a1e790806,0.00299
BINANCE:BTCUSDT,2024-12-14 22:50:25.684+0000,2024-12-14 22:50:30.001+0000,101164.470000000001,,trade,3ba5b746-a8ba-4b4d-8314-399de9e08f63,0.00064
BINANCE:BTCUSDT,2024-12-14 22:50:24.576+0000,2024-12-14 22:50:30.001+0000,101164.460000000006,,trade,2038dd7e-a808-48c6-854f-cc8dc08f2421,0.00034
BINANCE:BTCUSDT,2024-12-14 22:50:24.517+0000,2024-12-14 22:50:30.001+0000,101164.470000000001,,trade,16fcf703-0950-41a5-81ab-6be0cfff9784,0.00198
BINANCE:BTCUSDT,2024-12-14 22:50:24.457+0000,2024-12-14 22:50:30.001+0000,101164.460000000006,,trade,7e374060-367d-4666-ac51-fbd67da48521,0.00115
BINANCE:BTCUSDT,2024-12-14 22:50:24.186+0000,2024-12-14 22:50:30.001+0000,101164.460000000006,,trade,2b02b314-8f0a-40f3-b93e-d8233d990b57,0.00982
BINANCE:BTCUSDT,2024-12-14 22:50:24.112+0000,2024-12-14 22:50:30.001+0000,101164.470000000001,,trade,b0d75813-7e31-4d1c-a371-143c2d8f5cc5,0.0005
BINANCE:BTCUSDT,2024-12-14 22:50:24.090+0000,2024-12-14 22:50:30.001+0000,101164.470000000001,,trade,222f1810-20f3-45f9-b0a1-01b835e62ca2,0.0005
BINANCE:BTCUSDT,2024-12-14 22:50:23.910+0000,2024-12-14 22:50:25.001+0000,101164.470000000001,,trade,55e4fb3c-fb2e-4ed8-90aa-518445bf9073,0.00067
BINANCE:BTCUSDT,2024-12-14 22:50:23.644+0000,2024-12-14 22:50:25.001+0000,101164.470000000001,,trade,1f745420-0c9b-49ef-8c52-643f74a7e18c,0.00452
BINANCE:BTCUSDT,2024-12-14 22:50:23.636+0000,2024-12-14 22:50:25.001+0000,101164.470000000001,,trade,460d542c-5687-4ec6-ae9c-6504325b5b14,0.00029
BINANCE:BTCUSDT,2024-12-14 22:50:23.451+0000,2024-12-14 22:50:25.001+0000,101164.470000000001,,trade,843273ab-a2fe-455e-af25-47e99649730b,8e-05
BINANCE:BTCUSDT,2024-12-14 22:50:23.388+0000,2024-12-14 22:50:25.001+0000,101164.470000000001,,trade,382bba25-2190-4629-a18e-dc9655a8c301,0.00047
BINANCE:BTCUSDT,2024-12-14 22:50:23.137+0000,2024-12-14 22:50:25.001+0000,101164.470000000001,,trade,dd835e28-9028-4384-b542-8a1777b4f0b6,0.00064
BINANCE:BTCUSDT,2024-12-14 22:50:23.046+0000,2024-12-14 22:50:25.001+0000,101164.460000000006,,trade,c76dd4d1-5117-48c4-93e3-2a634e4ee960,0.03175
BINANCE:BTCUSDT,2024-12-14 22:50:22.754+0000,2024-12-14 22:50:25.001+0000,101164.470000000001,,trade,e3cebfe8-b678-4c9a-8142-29e08cfb2fc2,0.00273
BINANCE:BTCUSDT,2024-12-14 22:50:22.485+0000,2024-12-14 22:50:25.001+0000,101164.470000000001,,trade,895e34a1-e439-4659-878d-ed5da2f0ec61,0.00049
BINANCE:BTCUSDT,2024-12-14 22:50:22.397+0000,2024-12-14 22:50:25.001+0000,101164.460000000006,,trade,9aa251f4-b3a5-4557-ae04-8f947521b17c,0.05633
BINANCE:BTCUSDT,2024-12-14 22:50:21.461+0000,2024-12-14 22:50:25.001+0000,101164.460000000006,,trade,817ed05b-0b9b-45e2-8d2c-79b4e2d12699,0.00043
BINANCE:BTCUSDT,2024-12-14 22:50:21.406+0000,2024-12-14 22:50:25.001+0000,101164.460000000006,,trade,dff4c114-40e1-4498-9e19-40548e2e058c,0.01082
BINANCE:BTCUSDT,2024-12-14 22:50:20.748+0000,2024-12-14 22:50:25.001+0000,101164.470000000001,,trade,ac065ee6-5354-45d3-a965-6871c8998d20,0.00988
BINANCE:BTCUSDT,2024-12-14 22:50:20.686+0000,2024-12-14 22:50:25.001+0000,101164.470000000001,,trade,9c257854-a9e2-4e22-9d18-3cbd8945f855,0.00988
BINANCE:BTCUSDT,2024-12-14 22:50:20.417+0000,2024-12-14 22:50:25.001+0000,101164.460000000006,,trade,c9041ee9-d8ea-4928-958a-6c5a41513072,0.00058
BINANCE:BTCUSDT,2024-12-14 22:50:20.404+0000,2024-12-14 22:50:25.001+0000,101164.460000000006,,trade,d018efb9-8fd7-4f84-bfb3-960b308f13a6,0.00014
BINANCE:BTCUSDT,2024-12-14 22:50:20.329+0000,2024-12-14 22:50:25.001+0000,101164.460000000006,,trade,54f53e3b-b6b4-4450-b575-3f6711a71d39,0.00012
BINANCE:BTCUSDT,2024-12-14 22:50:20.327+0000,2024-12-14 22:50:25.001+0000,101164.460000000006,,trade,d5525ceb-4145-4d85-981e-a0bafba2d475,0.00019
BINANCE:BTCUSDT,2024-12-14 22:50:19.395+0000,2024-12-14 22:50:25.001+0000,101164.470000000001,,trade,1081b726-03bf-4a2e-babd-af4ddbd1232a,0.0005
BINANCE:BTCUSDT,2024-12-14 22:50:19.261+0000,2024-12-14 22:50:25.001+0000,101164.470000000001,,trade,7fc2177e-1d8a-4d37-bbd3-63d40f19f23e,0.00017
BINANCE:BTCUSDT,2024-12-14 22:50:19.248+0000,2024-12-14 22:50:25.001+0000,101164.460000000006,,trade,68ac950f-d2c8-4fac-9c7c-84eb091ed948,0.0005
BINANCE:BTCUSDT,2024-12-14 22:50:19.177+0000,2024-12-14 22:50:25.001+0000,101164.460000000006,,trade,636668f6-8fed-451b-8888-6359efdafaed,0.02039
BINANCE:BTCUSDT,2024-12-14 22:50:19.144+0000,2024-12-14 22:50:25.001+0000,101164.460000000006,,trade,229fd4c7-8cc2-4bb8-955b-dda62837cef9,0.00642
BINANCE:BTCUSDT,2024-12-14 22:50:18.822+0000,2024-12-14 22:50:20.001+0000,101164.470000000001,,trade,dac142ac-de3d-4eec-90ce-a5f6e05accfa,0.00019
BINANCE:BTCUSDT,2024-12-14 22:50:18.606+0000,2024-12-14 22:50:20.001+0000,101164.460000000006,,trade,a548d4c8-6aff-4766-af86-b85faacfe246,7e-05
BINANCE:BTCUSDT,2024-12-14 22:50:18.565+0000,2024-12-14 22:50:20.001+0000,101164.470000000001,,trade,8d2faf18-8113-44dd-b1fa-a3edd5be8422,7e-05
BINANCE:BTCUSDT,2024-12-14 22:50:17.410+0000,2024-12-14 22:50:20.001+0000,101164.470000000001,,trade,0308d051-ef18-47f6-a66d-9e7c53aa2fab,0.00029
BINANCE:BTCUSDT,2024-12-14 22:50:17.397+0000,2024-12-14 22:50:20.001+0000,101164.460000000006,,trade,6424c00a-421e-44e5-9750-cb00ad0692fa,0.04374
BINANCE:BTCUSDT,2024-12-14 22:50:16.306+0000,2024-12-14 22:50:20.001+0000,101164.470000000001,,trade,771c54d8-dfa1-44bd-8af3-d9147b949b6d,0.0005
BINANCE:BTCUSDT,2024-12-14 22:50:16.290+0000,2024-12-14 22:50:20.001+0000,101164.470000000001,,trade,a6ba8e16-0963-479d-8957-6e7b3ad6875d,0.0005
BINANCE:BTCUSDT,2024-12-14 22:50:16.187+0000,2024-12-14 22:50:20.001+0000,101164.460000000006,,trade,85351d04-bd9a-4ec7-9349-6e57d350d24b,0.00013
BINANCE:BTCUSDT,2024-12-14 22:50:15.986+0000,2024-12-14 22:50:20.001+0000,101164.460000000006,,trade,ab6e4b48-2937-4381-a91c-e5c74a11f99f,0.00021
BINANCE:BTCUSDT,2024-12-14 22:50:15.227+0000,2024-12-14 22:50:20.001+0000,101164.470000000001,,trade,c88d1870-7e9b-4504-b5c2-3817ca24b6ef,0.00414
BINANCE:BTCUSDT,2024-12-14 22:50:15.201+0000,2024-12-14 22:50:20.001+0000,101164.460000000006,,trade,5d44544e-67c5-4e80-a4c1-e205a42a242b,0.00107
BINANCE:BTCUSDT,2024-12-14 22:50:15.071+0000,2024-12-14 22:50:20.001+0000,101164.470000000001,,trade,7bb1fbb9-25fd-47e9-94e3-3cbca60f6eb6,0.00017
BINANCE:BTCUSDT,2024-12-14 22:50:15.025+0000,2024-12-14 22:50:20.001+0000,101164.470000000001,,trade,037e2e6e-82ed-4b04-a964-10b5b43f481a,0.00099
BINANCE:BTCUSDT,2024-12-14 22:50:14.419+0000,2024-12-14 22:50:20.001+0000,101164.460000000006,,trade,e6a516d1-89af-4368-94df-99976dd502e9,0.00195
BINANCE:BTCUSDT,2024-12-14 22:50:14.071+0000,2024-12-14 22:50:20.001+0000,101164.460000000006,,trade,c93cdfb4-5fb8-4ec6-ad0a-49afeb345532,0.00103
BINANCE:BTCUSDT,2024-12-14 22:50:14.068+0000,2024-12-14 22:50:20.001+0000,101164.470000000001,,trade,90fe22bd-f0f8-4bec-99d6-04e83e1eb2d1,0.01079
BINANCE:BTCUSDT,2024-12-14 22:50:13.734+0000,2024-12-14 22:50:15.001+0000,101164.470000000001,,trade,76251bee-fdcd-4e0c-ae3c-35ff9121ed69,0.00167
BINANCE:BTCUSDT,2024-12-14 22:50:13.547+0000,2024-12-14 22:50:15.001+0000,101164.460000000006,,trade,f7961bb0-fb69-4e71-81df-5e649f5b0fd7,0.00049
BINANCE:BTCUSDT,2024-12-14 22:50:13.217+0000,2024-12-14 22:50:15.001+0000,101164.460000000006,,trade,ce197557-c227-4b3e-9399-f10df345ea94,0.00291
BINANCE:BTCUSDT,2024-12-14 22:50:12.447+0000,2024-12-14 22:50:15.001+0000,101164.470000000001,,trade,844c3c53-3543-4d44-9321-01af27345a23,0.00422
BINANCE:BTCUSDT,2024-12-14 22:50:11.848+0000,2024-12-14 22:50:15.001+0000,101164.470000000001,,trade,97343840-1f86-47e9-923f-de76ae2740c2,0.00988
BINANCE:BTCUSDT,2024-12-14 22:50:11.516+0000,2024-12-14 22:50:15.001+0000,101164.460000000006,,trade,f6463bcb-7a36-4958-861f-4aa4540280a6,0.00948
BINANCE:BTCUSDT,2024-12-14 22:50:11.429+0000,2024-12-14 22:50:15.001+0000,101159.740000000005,,trade,f2ca4e1c-3981-4268-b670-070c4bf8c95e,0.18497
BINANCE:BTCUSDT,2024-12-14 22:50:11.272+0000,2024-12-14 22:50:15.001+0000,101159.729999999996,,trade,3b6f6e04-c8fc-464f-8a00-784fa4a529c4,0.0012
BINANCE:BTCUSDT,2024-12-14 22:50:11.170+0000,2024-12-14 22:50:15.001+0000,101159.740000000005,,trade,968293b4-4026-467f-8a27-02c0cf54d9df,0.00049
BINANCE:BTCUSDT,2024-12-14 22:50:11.163+0000,2024-12-14 22:50:15.001+0000,101159.740000000005,,trade,b9b575e7-4a43-4e7d-a727-e3bc36bdc0d3,0.00063
BINANCE:BTCUSDT,2024-12-14 22:50:10.049+0000,2024-12-14 22:50:15.001+0000,101159.740000000005,,trade,6ad62203-ef2b-481a-8028-112e3522676c,0.00125
BINANCE:BTCUSDT,2024-12-14 22:50:09.647+0000,2024-12-14 22:50:15.001+0000,101159.740000000005,,trade,58560eb8-07fd-41ab-8c73-ff63270d172e,0.0031
BINANCE:BTCUSDT,2024-12-14 22:50:09.534+0000,2024-12-14 22:50:15.001+0000,101159.729999999996,,trade,d0ec58fa-a30e-4f90-9039-9ab2bf53b13f,0.0034
BINANCE:BTCUSDT,2024-12-14 22:50:08.261+0000,2024-12-14 22:50:10.001+0000,101159.740000000005,,trade,740fbeb3-5d75-4417-9149-839b068b6697,9e-05
BINANCE:BTCUSDT,2024-12-14 22:50:07.927+0000,2024-12-14 22:50:10.001+0000,101159.740000000005,,trade,9034e6d8-fdc5-4d83-9c46-5816f2979c43,0.00016
BINANCE:BTCUSDT,2024-12-14 22:50:07.692+0000,2024-12-14 22:50:10.001+0000,101159.740000000005,,trade,5e99888e-a565-4937-bf8b-191c89f26ba2,0.00241
BINANCE:BTCUSDT,2024-12-14 22:50:07.397+0000,2024-12-14 22:50:10.001+0000,101159.729999999996,,trade,be0d7501-4c80-4cd9-90fa-fa2108469582,0.04154
BINANCE:BTCUSDT,2024-12-14 22:50:07.201+0000,2024-12-14 22:50:10.001+0000,101159.729999999996,,trade,76321ca8-d3cc-4d38-8de0-784867697891,0.0005
BINANCE:BTCUSDT,2024-12-14 22:50:07.068+0000,2024-12-14 22:50:10.001+0000,101159.740000000005,,trade,71561925-cd4e-45a8-aeea-1f20819ceacf,0.0003
BINANCE:BTCUSDT,2024-12-14 22:50:07.021+0000,2024-12-14 22:50:10.001+0000,101159.729999999996,,trade,7d6b0500-119f-461a-b771-3688ea210e09,0.00094
BINANCE:BTCUSDT,2024-12-14 22:50:05.494+0000,2024-12-14 22:50:10.001+0000,101159.740000000005,,trade,c366c0ba-439d-4675-9ab0-c64e7f22dd35,0.01399
BINANCE:BTCUSDT,2024-12-14 22:50:05.457+0000,2024-12-14 22:50:10.001+0000,101159.740000000005,,trade,c94fc729-23f2-46c2-8fb6-d963de3df9cb,0.00148
BINANCE:BTCUSDT,2024-12-14 22:50:05.456+0000,2024-12-14 22:50:10.001+0000,101159.740000000005,,trade,3f31d611-f948-4fbd-af90-071186aedf9c,0.00148
BINANCE:BTCUSDT,2024-12-14 22:50:04.636+0000,2024-12-14 22:50:10.001+0000,101159.740000000005,,trade,4b0584d3-256d-4a03-b821-2bbcd6d38c90,0.00016
BINANCE:BTCUSDT,2024-12-14 22:50:04.387+0000,2024-12-14 22:50:10.001+0000,101159.729999999996,,trade,e04200a9-670a-4b3e-9f90-afcf96946421,0.00982
BINANCE:BTCUSDT,2024-12-14 22:50:04.261+0000,2024-12-14 22:50:10.001+0000,101159.729999999996,,trade,c6d3feec-af8a-48ff-a65e-07bab81c1f72,0.00179
BINANCE:BTCUSDT,2024-12-14 22:50:03.148+0000,2024-12-14 22:50:05.001+0000,101159.740000000005,,trade,ede7f48a-1574-4ba1-a15b-8b4df225d8e6,0.00027
BINANCE:BTCUSDT,2024-12-14 22:50:02.657+0000,2024-12-14 22:50:05.001+0000,101159.729999999996,,trade,ec6d718d-2c19-4b85-97b8-199f66a3de37,0.00028
BINANCE:BTCUSDT,2024-12-14 22:50:02.397+0000,2024-12-14 22:50:05.001+0000,101159.729999999996,,trade,9cbde696-6646-445f-a607-d6b3d048ddb4,0.04746
BINANCE:BTCUSDT,2024-12-14 22:50:02.396+0000,2024-12-14 22:50:05.001+0000,101159.729999999996,,trade,dca0d27a-f6fa-4da9-88ef-dcd8e06dae89,0.01971
BINANCE:BTCUSDT,2024-12-14 22:50:01.280+0000,2024-12-14 22:50:05.001+0000,101159.740000000005,,trade,ded59203-3e73-4721-9a9f-de9c6078b647,0.00011
BINANCE:BTCUSDT,2024-12-14 22:50:00.637+0000,2024-12-14 22:50:05.001+0000,101159.729999999996,,trade,33b81a9a-9ea0-4cd6-9299-dce6ce2503be,7e-05
BINANCE:BTCUSDT,2024-12-14 22:50:00.479+0000,2024-12-14 22:50:05.001+0000,101159.729999999996,,trade,6698df12-883e-46b3-9a82-a516d7b93e19,0.0385
BINANCE:BTCUSDT,2024-12-14 22:49:59.722+0000,2024-12-14 22:50:05.001+0000,101159.729999999996,,trade,68f1dede-a8a6-4b6d-8168-f44c0b8c034f,0.00049
BINANCE:BTCUSDT,2024-12-14 22:49:59.262+0000,2024-12-14 22:50:05.001+0000,101159.740000000005,,trade,34c0490c-1438-4a6c-b394-bf1bd4e56b8a,0.00494
BINANCE:BTCUSDT,2024-12-14 22:49:59.231+0000,2024-12-14 22:50:05.001+0000,101159.740000000005,,trade,fe6285ee-d7f3-4b82-9684-af1ae9493fab,0.00133
BINANCE:BTCUSDT,2024-12-14 22:49:59.200+0000,2024-12-14 22:50:05.001+0000,101159.729999999996,,trade,2afec3ed-a941-456e-b680-bcf3e6ee1feb,0.00212
BINANCE:BTCUSDT,2024-12-14 22:49:57.676+0000,2024-12-14 22:50:00.001+0000,101159.729999999996,,trade,7e6aa064-4418-4b8c-a57f-41dffa7fae78,0.00028
BINANCE:BTCUSDT,2024-12-14 22:49:56.661+0000,2024-12-14 22:50:00.001+0000,101159.740000000005,,trade,50991786-351a-4846-a263-67a34dc70f3f,0.00015
BINANCE:BTCUSDT,2024-12-14 22:49:56.099+0000,2024-12-14 22:50:00.001+0000,101159.729999999996,,trade,09c358d0-96d2-4a49-9edb-1e29038519dc,8e-05
BINANCE:BTCUSDT,2024-12-14 22:49:54.839+0000,2024-12-14 22:50:00.001+0000,101159.740000000005,,trade,a7a7f001-2ed2-4f78-8ef5-229a12cdc544,0.00024
BINANCE:BTCUSDT,2024-12-14 22:49:54.125+0000,2024-12-14 22:50:00.001+0000,101159.729999999996,,trade,4e34b5d0-aac0-4263-9436-1e1e573691a6,5e-05
BINANCE:BTCUSDT,2024-12-14 22:49:52.540+0000,2024-12-14 22:49:55.001+0000,101159.740000000005,,trade,9336c783-84d0-4e9c-8d15-f61a95ad3bce,0.00082
BINANCE:BTCUSDT,2024-12-14 22:49:52.397+0000,2024-12-14 22:49:55.001+0000,101159.729999999996,,trade,b4c1bc83-be7a-462a-8383-c859de8f277e,0.06716
BINANCE:BTCUSDT,2024-12-14 22:49:51.993+0000,2024-12-14 22:49:55.001+0000,101159.729999999996,,trade,f8147350-499d-4580-ad5e-91593c2e88ab,0.00016
BINANCE:BTCUSDT,2024-12-14 22:49:50.803+0000,2024-12-14 22:49:55.001+0000,101159.729999999996,,trade,68fea87b-6cd5-4cbc-bc0d-c21556df5eef,0.04024
BINANCE:BTCUSDT,2024-12-14 22:49:50.619+0000,2024-12-14 22:49:55.001+0000,101159.729999999996,,trade,64e68e8b-08eb-4779-b15a-da0d90070926,0.00037
BINANCE:BTCUSDT,2024-12-14 22:49:50.444+0000,2024-12-14 22:49:55.001+0000,101159.740000000005,,trade,e0721209-109a-4b7e-9dc8-aa2b65ce3a4e,0.0006
BINANCE:BTCUSDT,2024-12-14 22:49:50.442+0000,2024-12-14 22:49:55.001+0000,101159.740000000005,,trade,de2e9c4e-6234-4194-bfb0-d0f2ed8e91a6,0.00116
BINANCE:BTCUSDT,2024-12-14 22:49:50.441+0000,2024-12-14 22:49:55.001+0000,101159.740000000005,,trade,26583e96-28d2-4e2a-ba5c-56454df70581,0.00263
BINANCE:BTCUSDT,2024-12-14 22:49:50.109+0000,2024-12-14 22:49:55.001+0000,101159.729999999996,,trade,b7683f64-e939-43bb-a6d8-428546f9bff2,0.00121
BINANCE:BTCUSDT,2024-12-14 22:49:50.060+0000,2024-12-14 22:49:55.001+0000,101159.729999999996,,trade,cb02549b-bfdb-49fc-a1b6-1be136cf199b,0.04147
BINANCE:BTCUSDT,2024-12-14 22:49:49.704+0000,2024-12-14 22:49:55.001+0000,101159.729999999996,,trade,71719927-9971-42c1-8c58-c316328fd47f,0.00494
BINANCE:BTCUSDT,2024-12-14 22:49:49.529+0000,2024-12-14 22:49:55.001+0000,101159.740000000005,,trade,c2cf52be-0aeb-456f-b3ac-d74bc26d5bc2,6e-05
BINANCE:BTCUSDT,2024-12-14 22:49:49.186+0000,2024-12-14 22:49:55.001+0000,101159.740000000005,,trade,a031c080-6888-4c8c-b261-362de33dbdb3,0.00057
BINANCE:BTCUSDT,2024-12-14 22:49:49.075+0000,2024-12-14 22:49:55.001+0000,101159.729999999996,,trade,f524607b-a57e-4747-9b1f-af4c6453ec4f,0.003
BINANCE:BTCUSDT,2024-12-14 22:49:48.817+0000,2024-12-14 22:49:55.001+0000,101159.740000000005,,trade,7f688a62-f751-4bff-9201-ea901b15ef49,0.00043
BINANCE:BTCUSDT,2024-12-14 22:49:48.525+0000,2024-12-14 22:49:50.001+0000,101159.729999999996,,trade,8a87e128-ce36-440e-9876-61f4b8b79f7d,0.0034
BINANCE:BTCUSDT,2024-12-14 22:49:48.516+0000,2024-12-14 22:49:50.001+0000,101159.729999999996,,trade,eccd4335-98c2-4935-89bc-0a194c283ad7,0.00135
BINANCE:BTCUSDT,2024-12-14 22:49:48.437+0000,2024-12-14 22:49:50.001+0000,101159.729999999996,,trade,2c6b7df2-d617-4f1a-bb65-72a7031d2cdd,0.02072
BINANCE:BTCUSDT,2024-12-14 22:49:48.003+0000,2024-12-14 22:49:50.001+0000,101159.729999999996,,trade,c3ca11f6-67e5-4907-a95d-1cee05a3c896,0.00075
BINANCE:BTCUSDT,2024-12-14 22:49:47.397+0000,2024-12-14 22:49:50.001+0000,101159.729999999996,,trade,e2cf8b48-2679-4b5c-9d19-ed85f8e7e4ce,0.05146
BINANCE:BTCUSDT,2024-12-14 22:49:47.295+0000,2024-12-14 22:49:50.001+0000,101159.740000000005,,trade,8f80c6c4-0a84-4ea0-a925-7ec843e94242,0.00071
BINANCE:BTCUSDT,2024-12-14 22:49:47.206+0000,2024-12-14 22:49:50.001+0000,101159.740000000005,,trade,e360011c-c34c-450d-a9c9-534b0891cc9c,0.00149
BINANCE:BTCUSDT,2024-12-14 22:49:47.204+0000,2024-12-14 22:49:50.001+0000,101159.479999999996,,trade,efcfceae-8c8b-4f65-9d2d-f0db1988b812,0.13875
BINANCE:BTCUSDT,2024-12-14 22:49:46.935+0000,2024-12-14 22:49:50.001+0000,101159.470000000001,,trade,8fcc0e31-d589-47ea-bd3d-a762abe05201,0.00334
BINANCE:BTCUSDT,2024-12-14 22:49:46.897+0000,2024-12-14 22:49:50.001+0000,101159.470000000001,,trade,214e9f40-a90e-4009-8f48-036fc6757f6d,0.00338
BINANCE:BTCUSDT,2024-12-14 22:49:46.821+0000,2024-12-14 22:49:50.001+0000,101159.470000000001,,trade,e131be43-19bc-478e-ac18-2ff32af68e8b,0.00135
BINANCE:BTCUSDT,2024-12-14 22:49:46.801+0000,2024-12-14 22:49:50.001+0000,101159.470000000001,,trade,b990cc32-83c0-4375-aaa2-94749cd02d1a,0.0041
BINANCE:BTCUSDT,2024-12-14 22:49:46.789+0000,2024-12-14 22:49:50.001+0000,101159.470000000001,,trade,904aeeeb-7e6d-4f2e-91a8-6b232a047bea,0.00134
BINANCE:BTCUSDT,2024-12-14 22:49:46.701+0000,2024-12-14 22:49:50.001+0000,101159.470000000001,,trade,66131b54-051c-4ea6-aaef-dde4d124929c,0.02054
BINANCE:BTCUSDT,2024-12-14 22:49:45.764+0000,2024-12-14 22:49:50.001+0000,101159.470000000001,,trade,f8f38e8e-935a-4811-ae46-b5f123799085,0.00867
BINANCE:BTCUSDT,2024-12-14 22:49:45.338+0000,2024-12-14 22:49:50.001+0000,101159.479999999996,,trade,adcaf1a0-622c-4f2b-9924-3444fce172da,0.00018
BINANCE:BTCUSDT,2024-12-14 22:49:45.261+0000,2024-12-14 22:49:50.001+0000,101159.479999999996,,trade,e2bdfaf2-9611-45da-b4b7-18dfc2f4229e,0.0006
BINANCE:BTCUSDT,2024-12-14 22:49:44.651+0000,2024-12-14 22:49:50.001+0000,101159.470000000001,,trade,3876a04b-fe32-430a-8b59-881b3a9be6c9,0.0001
BINANCE:BTCUSDT,2024-12-14 22:49:44.350+0000,2024-12-14 22:49:50.001+0000,101159.470000000001,,trade,5ccb7782-a355-4439-9e45-f6a19c2b754d,0.00016
BINANCE:BTCUSDT,2024-12-14 22:49:44.319+0000,2024-12-14 22:49:50.001+0000,101159.470000000001,,trade,9287fc78-a173-450d-a276-d6047f943d3c,0.005
BINANCE:BTCUSDT,2024-12-14 22:49:43.303+0000,2024-12-14 22:49:45.001+0000,101159.479999999996,,trade,f5965738-ae59-4ccc-b5eb-b10414274dc2,0.00181
BINANCE:BTCUSDT,2024-12-14 22:49:43.053+0000,2024-12-14 22:49:45.001+0000,101159.470000000001,,trade,99f7afbb-7d52-4034-9775-df631e8dcfda,0.00985
BINANCE:BTCUSDT,2024-12-14 22:49:42.397+0000,2024-12-14 22:49:45.001+0000,101159.470000000001,,trade,f90b700d-5974-47b0-8c5b-225d80561079,0.04924
BINANCE:BTCUSDT,2024-12-14 22:49:42.373+0000,2024-12-14 22:49:45.001+0000,101159.479999999996,,trade,28201ade-8dde-4067-a406-20928dd4204f,0.00014
BINANCE:BTCUSDT,2024-12-14 22:49:41.314+0000,2024-12-14 22:49:45.001+0000,101159.470000000001,,trade,04a46f55-7ac5-4717-b748-e5ceb51b9c6a,0.00141
BINANCE:BTCUSDT,2024-12-14 22:49:41.279+0000,2024-12-14 22:49:45.001+0000,101159.470000000001,,trade,a6137eb5-1c87-4218-8d85-40f2df776cd7,0.00014
BINANCE:BTCUSDT,2024-12-14 22:49:40.422+0000,2024-12-14 22:49:45.001+0000,101159.479999999996,,trade,0c3d9356-d5e8-4c17-8461-1f3b3c7e34fa,0.00025
BINANCE:BTCUSDT,2024-12-14 22:49:39.586+0000,2024-12-14 22:49:45.001+0000,101159.470000000001,,trade,d97aeefd-880b-485e-bf22-2d341186e763,0.00675
BINANCE:BTCUSDT,2024-12-14 22:49:39.577+0000,2024-12-14 22:49:45.001+0000,101159.479999999996,,trade,46d33cce-80f2-4a52-b8fe-b940b3065ad7,0.00491
BINANCE:BTCUSDT,2024-12-14 22:49:39.392+0000,2024-12-14 22:49:45.001+0000,101159.470000000001,,trade,495b2b14-8433-4584-9d28-180ce22596ff,8e-05
BINANCE:BTCUSDT,2024-12-14 22:49:39.331+0000,2024-12-14 22:49:45.001+0000,101154.610000000001,,trade,ec22ea0f-768c-4ab6-9c7b-46bb2c19e61c,0.0003
BINANCE:BTCUSDT,2024-12-14 22:49:39.329+0000,2024-12-14 22:49:45.001+0000,101154.25,,trade,f59b4840-89c3-43e8-ab62-b5ea519ca666,5e-05
BINANCE:BTCUSDT,2024-12-14 22:49:39.326+0000,2024-12-14 22:49:45.001+0000,101154.25,,trade,f88b66b8-42ed-4742-8cde-cc4052fb6b28,5e-05
BINANCE:BTCUSDT,2024-12-14 22:49:39.325+0000,2024-12-14 22:49:45.001+0000,101153.949999999997,,trade,f88f6cd3-0d58-4186-bce6-b86725b53a1c,0.00116
BINANCE:BTCUSDT,2024-12-14 22:49:39.319+0000,2024-12-14 22:49:45.001+0000,101153.25,,trade,e4dbb93c-9da0-4b18-b986-65423fba0cd8,0.00249
BINANCE:BTCUSDT,2024-12-14 22:49:39.317+0000,2024-12-14 22:49:45.001+0000,101152.229999999996,,trade,b96aaae6-afb8-4d3b-8dbf-6479fe8e468f,0.11517
BINANCE:BTCUSDT,2024-12-14 22:49:38.790+0000,2024-12-14 22:49:45.001+0000,101152.229999999996,,trade,e393ee49-2eb0-45e3-ac04-8c2fcd86fcb5,0.00014
BINANCE:BTCUSDT,2024-12-14 22:49:38.723+0000,2024-12-14 22:49:45.001+0000,101152.229999999996,,trade,b883da75-fe64-4628-ba96-5c2b39ce1de2,0.00107
BINANCE:BTCUSDT,2024-12-14 22:49:37.419+0000,2024-12-14 22:49:40.001+0000,101152.229999999996,,trade,84826401-fc42-4633-b7b3-d4b6b1af8f1f,0.00211
BINANCE:BTCUSDT,2024-12-14 22:49:37.301+0000,2024-12-14 22:49:40.001+0000,101152.220000000001,,trade,9cf1d741-76ad-495d-b786-16ff7d7f8880,0.00135
BINANCE:BTCUSDT,2024-12-14 22:49:37.270+0000,2024-12-14 22:49:40.001+0000,101152.220000000001,,trade,fad57910-bbf9-4713-8db4-eda3b85ae2cf,0.00134
BINANCE:BTCUSDT,2024-12-14 22:49:37.231+0000,2024-12-14 22:49:40.001+0000,101152.220000000001,,trade,b641d3ed-7e0a-4018-b925-a105d438e07b,0.00135
BINANCE:BTCUSDT,2024-12-14 22:49:37.192+0000,2024-12-14 22:49:40.001+0000,101152.220000000001,,trade,b921029e-c1a8-4ff6-838a-17df30423076,0.00135
BINANCE:BTCUSDT,2024-12-14 22:49:37.055+0000,2024-12-14 22:49:40.001+0000,101152.220000000001,,trade,173dccaf-43d1-4d13-9b77-a4304cd76403,0.0205
BINANCE:BTCUSDT,2024-12-14 22:49:36.816+0000,2024-12-14 22:49:40.001+0000,101152.220000000001,,trade,fe6918f7-1683-493c-a0c5-a866e73568e4,8e-05
BINANCE:BTCUSDT,2024-12-14 22:49:36.806+0000,2024-12-14 22:49:40.001+0000,101151.940000000002,,trade,ddbe817b-ef75-4129-845d-8bafa2fd668d,0.1
BINANCE:BTCUSDT,2024-12-14 22:49:35.558+0000,2024-12-14 22:49:40.001+0000,101151.940000000002,,trade,01ebf31f-1f3a-423c-9b4e-7b7d33dfd060,0.0007
BINANCE:BTCUSDT,2024-12-14 22:49:35.347+0000,2024-12-14 22:49:40.001+0000,101151.940000000002,,trade,9de81570-0460-4a37-98e4-a984dbfc0cf3,0.00113
BINANCE:BTCUSDT,2024-12-14 22:49:34.286+0000,2024-12-14 22:49:40.001+0000,101151.929999999993,,trade,f8c3452c-b1b1-4d34-9e12-295de987ca1a,0.00257
BINANCE:BTCUSDT,2024-12-14 22:49:33.686+0000,2024-12-14 22:49:40.001+0000,101151.929999999993,,trade,0fac30fb-ba50-4201-b85f-74d269b42f57,0.00538
BINANCE:BTCUSDT,2024-12-14 22:49:33.286+0000,2024-12-14 22:49:35.001+0000,101151.940000000002,,trade,eebfccb4-e71e-4622-b664-dd6b3303cc51,0.00078
BINANCE:BTCUSDT,2024-12-14 22:49:33.199+0000,2024-12-14 22:49:35.001+0000,101151.929999999993,,trade,1c2f03bc-8bf7-4af6-8177-856007b90da1,0.00965
BINANCE:BTCUSDT,2024-12-14 22:49:33.155+0000,2024-12-14 22:49:35.001+0000,101151.929999999993,,trade,2e551edd-0712-4911-9532-615d689c788a,0.00025
BINANCE:BTCUSDT,2024-12-14 22:49:33.064+0000,2024-12-14 22:49:35.001+0000,101151.880000000005,,trade,225b6a9f-9795-451f-b1f2-1323c490fec3,0.03752
BINANCE:BTCUSDT,2024-12-14 22:49:32.397+0000,2024-12-14 22:49:35.001+0000,101151.869999999995,,trade,3346ae10-cd31-4cae-9c0d-8759587a6cfb,0.0535
BINANCE:BTCUSDT,2024-12-14 22:49:32.248+0000,2024-12-14 22:49:35.001+0000,101151.869999999995,,trade,f9678d93-ce76-4a7a-8d69-284726936afd,0.03203
BINANCE:BTCUSDT,2024-12-14 22:49:32.169+0000,2024-12-14 22:49:35.001+0000,101151.880000000005,,trade,521fa33d-f60c-419a-bedc-b72758815cb8,0.00162
BINANCE:BTCUSDT,2024-12-14 22:49:30.360+0000,2024-12-14 22:49:35.001+0000,101151.880000000005,,trade,1bc1496a-e267-4580-b1e0-90601e93724b,0.00391
BINANCE:BTCUSDT,2024-12-14 22:49:30.066+0000,2024-12-14 22:49:35.001+0000,101151.880000000005,,trade,d2ccf510-9780-4524-8ed2-de18139c9e9e,0.1
BINANCE:BTCUSDT,2024-12-14 22:49:30.005+0000,2024-12-14 22:49:35.001+0000,101151.880000000005,,trade,ac364374-4571-429e-9ad9-7c595182f093,0.00032
BINANCE:BTCUSDT,2024-12-14 22:49:29.663+0000,2024-12-14 22:49:35.001+0000,101151.869999999995,,trade,31a4595d-38e2-4d34-90cf-33541679222c,0.00014
BINANCE:BTCUSDT,2024-12-14 22:49:28.461+0000,2024-12-14 22:49:30.001+0000,101151.880000000005,,trade,85524d49-180c-4e39-b340-387ef5bc3a2d,0.00051
BINANCE:BTCUSDT,2024-12-14 22:49:28.214+0000,2024-12-14 22:49:30.001+0000,101151.869999999995,,trade,2fcb4906-df2e-4546-ac59-09c57a186bf7,0.00727
BINANCE:BTCUSDT,2024-12-14 22:49:28.120+0000,2024-12-14 22:49:30.001+0000,101151.869999999995,,trade,4a1c9592-9cd0-49b6-af58-ee40ffc43162,0.00034
BINANCE:BTCUSDT,2024-12-14 22:49:27.396+0000,2024-12-14 22:49:30.001+0000,101151.869999999995,,trade,44bf993d-39fd-4d97-b7b1-2d6e17b2fbc7,0.04731
BINANCE:BTCUSDT,2024-12-14 22:49:27.162+0000,2024-12-14 22:49:30.001+0000,101151.869999999995,,trade,ab0cefa4-146e-471f-8ea4-052669c4b465,0.00399
BINANCE:BTCUSDT,2024-12-14 22:49:26.544+0000,2024-12-14 22:49:30.001+0000,101151.880000000005,,trade,f17beb41-e497-42ca-a721-ead4e3e33a3e,0.00037
BINANCE:BTCUSDT,2024-12-14 22:49:26.072+0000,2024-12-14 22:49:30.001+0000,101151.880000000005,,trade,5b6ab521-9c5a-4957-890a-42d978b1f212,0.00523
BINANCE:BTCUSDT,2024-12-14 22:49:25.682+0000,2024-12-14 22:49:30.001+0000,101151.880000000005,,trade,b28ada64-709b-4ba9-b9cc-6efb3fc11420,0.0001
BINANCE:BTCUSDT,2024-12-14 22:49:25.603+0000,2024-12-14 22:49:30.001+0000,101151.880000000005,,trade,ebeba800-15e2-4f12-a37a-cdcb913a5f19,0.0089
BINANCE:BTCUSDT,2024-12-14 22:49:25.140+0000,2024-12-14 22:49:30.001+0000,101151.869999999995,,trade,8c66098d-51c9-4297-b0c2-636224893ae0,0.0025
BINANCE:BTCUSDT,2024-12-14 22:49:24.727+0000,2024-12-14 22:49:30.001+0000,101151.869999999995,,trade,9a878977-6ec6-4e7d-97ff-f28b8d1912f1,0.09898
BINANCE:BTCUSDT,2024-12-14 22:49:24.169+0000,2024-12-14 22:49:30.001+0000,101151.880000000005,,trade,cd1a57af-25b5-4439-bde1-108d882459cd,0.0001
BINANCE:BTCUSDT,2024-12-14 22:49:23.442+0000,2024-12-14 22:49:30.001+0000,101151.880000000005,,trade,a70687e1-6baf-4a1c-b774-467607407118,0.00022
BINANCE:BTCUSDT,2024-12-14 22:49:23.110+0000,2024-12-14 22:49:25.001+0000,101151.880000000005,,trade,ea1a4191-a3f5-45c5-add2-ab38eafc1092,0.00044
BINANCE:BTCUSDT,2024-12-14 22:49:23.068+0000,2024-12-14 22:49:25.001+0000,101151.869999999995,,trade,5b3bf26b-1c86-45ff-82cc-e50fa61ab9c7,0.0002
BINANCE:BTCUSDT,2024-12-14 22:49:23.014+0000,2024-12-14 22:49:25.001+0000,101151.880000000005,,trade,7c8516da-1ac4-4872-9024-cf2026e7de62,0.00023
BINANCE:BTCUSDT,2024-12-14 22:49:22.611+0000,2024-12-14 22:49:25.001+0000,101151.869999999995,,trade,4432b999-c2b8-4f2b-8a9e-e6a6a2d19d20,0.00017
BINANCE:BTCUSDT,2024-12-14 22:49:22.019+0000,2024-12-14 22:49:25.001+0000,101151.880000000005,,trade,944311c4-7105-491f-8103-315b5756a403,0.0003
BINANCE:BTCUSDT,2024-12-14 22:49:22.017+0000,2024-12-14 22:49:25.001+0000,101151.869999999995,,trade,a3302c7a-4ff0-40f0-ae7b-7efdb7bf1fe1,0.0004
BINANCE:BTCUSDT,2024-12-14 22:49:21.881+0000,2024-12-14 22:49:25.001+0000,101151.880000000005,,trade,5c8a70da-165a-4fd1-bb7a-0920cefcb1f8,0.00228
BINANCE:BTCUSDT,2024-12-14 22:49:21.467+0000,2024-12-14 22:49:25.001+0000,101151.869999999995,,trade,09c5e3e8-f63a-4948-89d0-8dcdb252022c,0.00049
BINANCE:BTCUSDT,2024-12-14 22:49:19.877+0000,2024-12-14 22:49:25.001+0000,101151.869999999995,,trade,1df4dc52-a8a6-453c-ae87-8665acf4fdb9,0.0015
BINANCE:BTCUSDT,2024-12-14 22:49:19.464+0000,2024-12-14 22:49:25.001+0000,101151.880000000005,,trade,49d6bd3c-eed7-4dc5-812e-e60485aecdcb,5e-05
BINANCE:BTCUSDT,2024-12-14 22:49:18.885+0000,2024-12-14 22:49:25.001+0000,101151.869999999995,,trade,c0fbd120-e7ad-458a-af60-0bb2ed15f4ee,0.0038
BINANCE:BTCUSDT,2024-12-14 22:49:18.686+0000,2024-12-14 22:49:25.001+0000,101151.880000000005,,trade,7683054d-1d36-4173-8c45-575f04337707,0.00054
BINANCE:BTCUSDT,2024-12-14 22:49:17.927+0000,2024-12-14 22:49:20.001+0000,101151.880000000005,,trade,c8f82104-318d-435e-a035-132c71b71bc3,5e-05
BINANCE:BTCUSDT,2024-12-14 22:49:17.670+0000,2024-12-14 22:49:20.001+0000,101151.880000000005,,trade,cdc69880-2fcf-4e8d-b263-317be4074bff,0.00494
BINANCE:BTCUSDT,2024-12-14 22:49:17.397+0000,2024-12-14 22:49:20.001+0000,101151.869999999995,,trade,b0c91db4-dd20-4c0a-815c-88785b5c4e2f,0.05234
BINANCE:BTCUSDT,2024-12-14 22:49:17.269+0000,2024-12-14 22:49:20.001+0000,101151.880000000005,,trade,b6d13259-5c1e-410b-b29b-89bb0ebf7ed0,0.0001
BINANCE:BTCUSDT,2024-12-14 22:49:17.224+0000,2024-12-14 22:49:20.001+0000,101151.880000000005,,trade,ebacde15-140e-44c0-8350-eaa38e279a3a,0.00059
BINANCE:BTCUSDT,2024-12-14 22:49:16.505+0000,2024-12-14 22:49:20.001+0000,101149.449999999997,,trade,ea149745-7fbd-44c5-9240-4ffdfcda53ff,0.00491
BINANCE:BTCUSDT,2024-12-14 22:49:15.844+0000,2024-12-14 22:49:20.001+0000,101149.440000000002,,trade,6dd6d321-c08f-45de-b539-9867600ff231,0.0013
BINANCE:BTCUSDT,2024-12-14 22:49:15.382+0000,2024-12-14 22:49:20.001+0000,101149.440000000002,,trade,5ac9ec11-973c-48d0-aa6a-884580a815b7,0.00156
BINANCE:BTCUSDT,2024-12-14 22:49:14.816+0000,2024-12-14 22:49:20.001+0000,101149.449999999997,,trade,d4e67476-804f-42ba-b854-c543b52bc919,0.02475
BINANCE:BTCUSDT,2024-12-14 22:49:14.759+0000,2024-12-14 22:49:20.001+0000,101149.449999999997,,trade,ef5a7ff0-3fef-470b-9b56-96852d728d75,0.00032
BINANCE:BTCUSDT,2024-12-14 22:49:14.169+0000,2024-12-14 22:49:20.001+0000,101149.440000000002,,trade,254dd02e-b13c-42b4-9b71-59f13eb3a4b5,0.00058
BINANCE:BTCUSDT,2024-12-14 22:49:14.151+0000,2024-12-14 22:49:20.001+0000,101149.440000000002,,trade,ed8d881b-f776-468e-be47-738032e1e9bf,9e-05
BINANCE:BTCUSDT,2024-12-14 22:49:14.077+0000,2024-12-14 22:49:20.001+0000,101149.440000000002,,trade,2c1416fe-2df2-4bf7-bc76-5d823efa4389,0.00476
BINANCE:BTCUSDT,2024-12-14 22:49:14.056+0000,2024-12-14 22:49:20.001+0000,101149.440000000002,,trade,1d527fbb-132d-4ce6-bcce-d0cbe6fe4d4d,0.00149
BINANCE:BTCUSDT,2024-12-14 22:49:13.919+0000,2024-12-14 22:49:20.001+0000,101149.449999999997,,trade,5277d316-564c-4420-8211-8d1b745306e2,0.00199
BINANCE:BTCUSDT,2024-12-14 22:49:13.918+0000,2024-12-14 22:49:20.001+0000,101149.449999999997,,trade,623f7ac6-c9a7-45ca-a747-9b8e61efc25a,0.00296
BINANCE:BTCUSDT,2024-12-14 22:49:13.917+0000,2024-12-14 22:49:20.001+0000,101149.449999999997,,trade,e597fc51-8eda-4e1e-af76-587aebb10106,0.0037
BINANCE:BTCUSDT,2024-12-14 22:49:13.916+0000,2024-12-14 22:49:20.001+0000,101149.449999999997,,trade,f5f6b557-e7d4-45a4-abae-5a83fe80f789,0.0037
BINANCE:BTCUSDT,2024-12-14 22:49:13.823+0000,2024-12-14 22:49:20.001+0000,101149.440000000002,,trade,505af6ef-b6c6-408c-a3e5-d8424caba527,8e-05
BINANCE:BTCUSDT,2024-12-14 22:49:13.085+0000,2024-12-14 22:49:15.001+0000,101149.449999999997,,trade,b304fa10-89e4-4456-a18a-6417a936a906,0.0002
BINANCE:BTCUSDT,2024-12-14 22:49:12.920+0000,2024-12-14 22:49:15.001+0000,101149.440000000002,,trade,6f73a54f-88d0-4a0e-ab12-6c455617a719,0.00011
BINANCE:BTCUSDT,2024-12-14 22:49:11.850+0000,2024-12-14 22:49:15.001+0000,101149.440000000002,,trade,0ab0d1f4-c00d-4338-8732-46af37e0850d,0.00033
BINANCE:BTCUSDT,2024-12-14 22:49:10.338+0000,2024-12-14 22:49:15.001+0000,101149.449999999997,,trade,a0029dc1-3b22-4eda-8738-84e985d40e50,0.00037
BINANCE:BTCUSDT,2024-12-14 22:49:09.786+0000,2024-12-14 22:49:15.001+0000,101149.449999999997,,trade,a8e41887-ddd5-40a2-8de9-8497edbe9de5,0.00553
BINANCE:BTCUSDT,2024-12-14 22:49:08.514+0000,2024-12-14 22:49:15.001+0000,101149.449999999997,,trade,dff2d286-37a6-401e-acb1-c8a23072c748,0.00035
BINANCE:BTCUSDT,2024-12-14 22:49:08.321+0000,2024-12-14 22:49:15.001+0000,101149.440000000002,,trade,93295973-ca12-4989-8c1a-27902eb0bfbb,0.00013
BINANCE:BTCUSDT,2024-12-14 22:49:07.917+0000,2024-12-14 22:49:10.003+0000,101149.449999999997,,trade,6b112c80-97bf-470d-af08-0b03a7b872eb,0.00032
BINANCE:BTCUSDT,2024-12-14 22:49:07.784+0000,2024-12-14 22:49:10.003+0000,101149.449999999997,,trade,4bdec838-e23f-4ec4-ab96-d470a334b04c,0.00103
BINANCE:BTCUSDT,2024-12-14 22:49:07.530+0000,2024-12-14 22:49:10.003+0000,101149.449999999997,,trade,72a455cb-c1b3-442b-8765-a30f5ea7d481,0.00037
BINANCE:BTCUSDT,2024-12-14 22:49:07.396+0000,2024-12-14 22:49:10.003+0000,101149.440000000002,,trade,53bbc1aa-a80d-4050-9864-c6298ebfdcb3,0.06212
BINANCE:BTCUSDT,2024-12-14 22:49:05.809+0000,2024-12-14 22:49:10.003+0000,101149.440000000002,,trade,9ffa47fb-a0d6-4bea-8145-0e615d9baba6,8e-05
BINANCE:BTCUSDT,2024-12-14 22:49:05.505+0000,2024-12-14 22:49:10.003+0000,101144.770000000004,,trade,d4828f86-2041-4784-876d-1eeac3b9c1af,5e-05
BINANCE:BTCUSDT,2024-12-14 22:49:04.718+0000,2024-12-14 22:49:10.003+0000,101143.520000000004,,trade,d3f9f6d2-4630-4c9e-959b-894a2c1743f0,0.00101
BINANCE:BTCUSDT,2024-12-14 22:49:04.426+0000,2024-12-14 22:49:10.003+0000,101143.509999999995,,trade,1842dc16-2ab1-46be-b34d-1c3c9f7f7010,0.00018
BINANCE:BTCUSDT,2024-12-14 22:49:04.332+0000,2024-12-14 22:49:10.003+0000,101143.520000000004,,trade,557bfbb9-b2ab-44ec-8bfc-7993230011a0,0.00031
BINANCE:BTCUSDT,2024-12-14 22:49:04.154+0000,2024-12-14 22:49:10.003+0000,101143.520000000004,,trade,ddf2cc0a-39e6-46f6-9e3c-a16d7bf454f2,0.00012
BINANCE:BTCUSDT,2024-12-14 22:49:03.680+0000,2024-12-14 22:49:10.003+0000,101143.520000000004,,trade,54f49bf8-6c06-4f1a-bcdc-d0bdbf577873,0.00121
BINANCE:BTCUSDT,2024-12-14 22:49:03.046+0000,2024-12-14 22:49:05.001+0000,101143.520000000004,,trade,086ca164-1aea-4a1b-8b6f-582b80f772b2,0.0005
BINANCE:BTCUSDT,2024-12-14 22:49:02.986+0000,2024-12-14 22:49:05.001+0000,101143.509999999995,,trade,35962c7c-a9df-462d-a6a0-b7187a9cd595,0.0024
BINANCE:BTCUSDT,2024-12-14 22:49:02.396+0000,2024-12-14 22:49:05.001+0000,101143.509999999995,,trade,895043f9-1340-41e7-98f7-c8b4fcaafa1f,0.05884
BINANCE:BTCUSDT,2024-12-14 22:49:02.235+0000,2024-12-14 22:49:05.001+0000,101143.509999999995,,trade,ce2a874f-4d72-4327-bf5b-9f7a6595a071,0.00184
BINANCE:BTCUSDT,2024-12-14 22:49:01.905+0000,2024-12-14 22:49:05.001+0000,101143.509999999995,,trade,6a2c7f11-5fe5-46b5-a656-084c9f5c3a06,0.0048
BINANCE:BTCUSDT,2024-12-14 22:49:01.549+0000,2024-12-14 22:49:05.001+0000,101143.520000000004,,trade,64bfd9ab-11cd-4899-b187-c9f497206a82,0.00012
BINANCE:BTCUSDT,2024-12-14 22:49:01.186+0000,2024-12-14 22:49:05.001+0000,101143.509999999995,,trade,031f1486-5856-4397-b234-c8f9e4203a2b,0.00058
BINANCE:BTCUSDT,2024-12-14 22:49:01.049+0000,2024-12-14 22:49:05.001+0000,101143.520000000004,,trade,feb91a10-45b3-415b-a9e5-825acabae223,0.00016
BINANCE:BTCUSDT,2024-12-14 22:49:00.954+0000,2024-12-14 22:49:05.001+0000,101143.520000000004,,trade,648a5dff-32a9-424a-b0af-7535176cea3f,0.00281
BINANCE:BTCUSDT,2024-12-14 22:48:59.976+0000,2024-12-14 22:49:05.001+0000,101143.509999999995,,trade,8ec0e478-fc77-4284-8f03-26aa0c125d7d,0.00074
BINANCE:BTCUSDT,2024-12-14 22:48:59.897+0000,2024-12-14 22:49:05.001+0000,101143.509999999995,,trade,454dfae8-6255-4398-b125-0c2dc96dc6a2,0.00011
BINANCE:BTCUSDT,2024-12-14 22:48:57.852+0000,2024-12-14 22:49:00.001+0000,101143.520000000004,,trade,15f2b481-242a-4d2b-b5fc-61275e1a9970,0.06282
BINANCE:BTCUSDT,2024-12-14 22:48:57.516+0000,2024-12-14 22:49:00.001+0000,101143.509999999995,,trade,e50010e9-bbbb-4f11-891a-dccf5bf0bd4d,8e-05
BINANCE:BTCUSDT,2024-12-14 22:48:55.318+0000,2024-12-14 22:49:00.001+0000,101141.339999999997,,trade,6532a07e-e955-4285-be2b-332ef0138d65,0.00079
BINANCE:BTCUSDT,2024-12-14 22:48:53.823+0000,2024-12-14 22:49:00.001+0000,101141.339999999997,,trade,0a7cacf4-225d-4dba-9b96-0f57064307f0,0.00154
BINANCE:BTCUSDT,2024-12-14 22:48:53.741+0000,2024-12-14 22:49:00.001+0000,101141.330000000002,,trade,64368073-77c5-4a73-9189-0fd735f4d159,0.00025
BINANCE:BTCUSDT,2024-12-14 22:48:53.308+0000,2024-12-14 22:49:00.001+0000,101141.339999999997,,trade,ddcff01d-793f-40c6-904e-af6415c09621,0.0004
BINANCE:BTCUSDT,2024-12-14 22:48:53.305+0000,2024-12-14 22:49:00.001+0000,101141.330000000002,,trade,863a34df-813f-4562-b2a8-11fc37a1dd6b,0.00378
BINANCE:BTCUSDT,2024-12-14 22:48:53.236+0000,2024-12-14 22:49:00.001+0000,101141.330000000002,,trade,59d29114-7fd4-4162-a742-cfbf197ea679,0.00308
BINANCE:BTCUSDT,2024-12-14 22:48:53.047+0000,2024-12-14 22:48:55.001+0000,101141.320000000007,,trade,1b8cb1e6-c913-4960-9339-0b0ab59aa451,0.00333
BINANCE:BTCUSDT,2024-12-14 22:48:53.017+0000,2024-12-14 22:48:55.001+0000,101141.320000000007,,trade,e8add0b2-b05e-49b7-a028-09aee5fb3143,0.01496
BINANCE:BTCUSDT,2024-12-14 22:48:52.517+0000,2024-12-14 22:48:55.001+0000,101141.330000000002,,trade,7c8376e1-ce59-4e68-b651-f168474f139e,0.00015
BINANCE:BTCUSDT,2024-12-14 22:48:52.396+0000,2024-12-14 22:48:55.001+0000,101141.320000000007,,trade,ef7511ec-a003-4140-9b73-a39851905f32,0.06845
BINANCE:BTCUSDT,2024-12-14 22:48:52.321+0000,2024-12-14 22:48:55.001+0000,101141.330000000002,,trade,c2eab9cb-e4c2-4f5d-9bc9-faa1bc8cd06e,0.00069
BINANCE:BTCUSDT,2024-12-14 22:48:51.789+0000,2024-12-14 22:48:55.001+0000,101141.289999999994,,trade,f00e7145-6f0f-46ff-81ac-7432e421d085,0.04061
BINANCE:BTCUSDT,2024-12-14 22:48:50.969+0000,2024-12-14 22:48:55.001+0000,101141.289999999994,,trade,589ffa13-0004-4901-b559-5c4480597423,0.00018
BINANCE:BTCUSDT,2024-12-14 22:48:49.947+0000,2024-12-14 22:48:55.001+0000,101141.279999999999,,trade,c38c1bbc-8c2e-41a3-9551-2ed44f9ab80f,0.00012
BINANCE:BTCUSDT,2024-12-14 22:48:49.872+0000,2024-12-14 22:48:55.001+0000,101141.289999999994,,trade,cf5aaa41-45fd-4e35-ad4d-157a91d9b728,0.00017
BINANCE:BTCUSDT,2024-12-14 22:48:49.744+0000,2024-12-14 22:48:55.001+0000,101141.289999999994,,trade,597387e5-1e34-4aa9-ba55-eed623b7d734,0.00019
BINANCE:BTCUSDT,2024-12-14 22:48:47.398+0000,2024-12-14 22:48:50.001+0000,101141.279999999999,,trade,5cd4c555-06bf-46dd-a009-1386423d805c,0.06093
BINANCE:BTCUSDT,2024-12-14 22:48:47.287+0000,2024-12-14 22:48:50.001+0000,101141.279999999999,,trade,fc0ca7e4-9dc5-4fd2-907c-8ceea422b822,0.01049
BINANCE:BTCUSDT,2024-12-14 22:48:47.257+0000,2024-12-14 22:48:50.001+0000,101141.279999999999,,trade,fba83d33-9d3b-40aa-89ca-9be4a628f39d,0.00011
BINANCE:BTCUSDT,2024-12-14 22:48:46.323+0000,2024-12-14 22:48:50.001+0000,101141.279999999999,,trade,58e0fd7b-ed40-4dc1-af7d-c73604ca1146,0.0001
BINANCE:BTCUSDT,2024-12-14 22:48:45.551+0000,2024-12-14 22:48:50.001+0000,101141.279999999999,,trade,ef0d500d-2b13-4710-b0e7-43265b730b0d,0.00439
BINANCE:BTCUSDT,2024-12-14 22:48:45.444+0000,2024-12-14 22:48:50.001+0000,101141.279999999999,,trade,918719e7-e3a7-473c-877e-750b5176ffad,0.00023
BINANCE:BTCUSDT,2024-12-14 22:48:45.443+0000,2024-12-14 22:48:50.001+0000,101141.289999999994,,trade,64c64a07-34f0-4953-810e-4fa643645448,0.00011
BINANCE:BTCUSDT,2024-12-14 22:48:45.320+0000,2024-12-14 22:48:50.001+0000,101141.279999999999,,trade,bfc1ea53-3a64-4a8f-b2ab-0593c09cec80,0.00025
BINANCE:BTCUSDT,2024-12-14 22:48:45.176+0000,2024-12-14 22:48:50.001+0000,101141.279999999999,,trade,49fa7aa6-5eb7-41f3-b366-4d32a73539fd,0.0005
BINANCE:BTCUSDT,2024-12-14 22:48:44.584+0000,2024-12-14 22:48:50.001+0000,101141.289999999994,,trade,455c5b4f-0748-4bc6-b0a3-8db835629536,0.00065
BINANCE:BTCUSDT,2024-12-14 22:48:43.648+0000,2024-12-14 22:48:50.001+0000,101141.289999999994,,trade,1726968b-3ea9-4885-9907-c8989633ce77,0.00055
BINANCE:BTCUSDT,2024-12-14 22:48:43.085+0000,2024-12-14 22:48:45.001+0000,101141.289999999994,,trade,39ed2110-0558-4392-93c7-2b6705738826,0.00014
BINANCE:BTCUSDT,2024-12-14 22:48:42.961+0000,2024-12-14 22:48:45.001+0000,101141.289999999994,,trade,4bb1a0af-98f9-40e6-8a42-7faa7f3b435a,0.00026
BINANCE:BTCUSDT,2024-12-14 22:48:42.654+0000,2024-12-14 22:48:45.001+0000,101141.289999999994,,trade,248cd1f3-3e5e-400a-b660-ac35c7001c38,0.0028
BINANCE:BTCUSDT,2024-12-14 22:48:42.398+0000,2024-12-14 22:48:45.001+0000,101141.279999999999,,trade,b802b94a-ff8d-41bb-91de-b67fbbbebd39,0.03167
BINANCE:BTCUSDT,2024-12-14 22:48:41.803+0000,2024-12-14 22:48:45.001+0000,101141.279999999999,,trade,64df5fbd-8747-4664-9e21-e9c58d523c5c,0.00059
BINANCE:BTCUSDT,2024-12-14 22:48:41.745+0000,2024-12-14 22:48:45.001+0000,101141.289999999994,,trade,670977b4-1d4b-48c8-bcfd-044fceb103e2,0.00148
BINANCE:BTCUSDT,2024-12-14 22:48:41.004+0000,2024-12-14 22:48:45.001+0000,101141.289999999994,,trade,1746323c-0e0c-4cd6-9e72-08dfb5800ba9,0.00416
BINANCE:BTCUSDT,2024-12-14 22:48:40.718+0000,2024-12-14 22:48:45.001+0000,101141.279999999999,,trade,a4447375-eceb-49d5-a3cf-cc061e8fe41d,0.00013
BINANCE:BTCUSDT,2024-12-14 22:48:40.409+0000,2024-12-14 22:48:45.001+0000,101141.279999999999,,trade,c5114a0b-1fc8-40e8-bd75-fdd55b6208ed,0.00027
BINANCE:BTCUSDT,2024-12-14 22:48:40.310+0000,2024-12-14 22:48:45.001+0000,101141.289999999994,,trade,862d3c18-f51c-4abe-9280-3ca1b0248e92,0.0147
BINANCE:BTCUSDT,2024-12-14 22:48:40.241+0000,2024-12-14 22:48:45.001+0000,101141.289999999994,,trade,d2903c96-482a-48c5-8885-d1b0382e5681,0.00041
BINANCE:BTCUSDT,2024-12-14 22:48:38.159+0000,2024-12-14 22:48:45.001+0000,101141.289999999994,,trade,d7b4d736-4b74-43ad-a62f-ef9858a75d34,0.00013
BINANCE:BTCUSDT,2024-12-14 22:48:37.987+0000,2024-12-14 22:48:40.001+0000,101141.279999999999,,trade,fc7eaaa8-9bfb-4c49-8cbc-f8b47aa878fe,0.00016
BINANCE:BTCUSDT,2024-12-14 22:48:37.721+0000,2024-12-14 22:48:40.001+0000,101141.279999999999,,trade,9209f85a-ab40-48bd-9646-3986a46b26dc,0.00016
BINANCE:BTCUSDT,2024-12-14 22:48:37.553+0000,2024-12-14 22:48:40.001+0000,101141.279999999999,,trade,066cb866-fb84-4aa7-b35c-35a40e7c8970,0.0003
BINANCE:BTCUSDT,2024-12-14 22:48:37.383+0000,2024-12-14 22:48:40.001+0000,101141.289999999994,,trade,8751a3b8-325e-425d-92da-93afe1145304,7e-05
BINANCE:BTCUSDT,2024-12-14 22:48:36.922+0000,2024-12-14 22:48:40.001+0000,101141.289999999994,,trade,c9aa9a3a-9e99-4c4d-bc44-f9b1c690fe0c,0.00061
BINANCE:BTCUSDT,2024-12-14 22:48:36.277+0000,2024-12-14 22:48:40.001+0000,101141.289999999994,,trade,94b99e71-928e-45d7-82ec-3b9ae32d787e,0.00181
BINANCE:BTCUSDT,2024-12-14 22:48:35.557+0000,2024-12-14 22:48:40.001+0000,101141.289999999994,,trade,a960dcc0-abaa-4755-aada-c92bdec04b48,0.00148
BINANCE:BTCUSDT,2024-12-14 22:48:35.396+0000,2024-12-14 22:48:40.001+0000,101141.289999999994,,trade,0b66c68a-dda7-4197-b5aa-13906f5ea87f,0.00322
BINANCE:BTCUSDT,2024-12-14 22:48:35.362+0000,2024-12-14 22:48:40.001+0000,101141.289999999994,,trade,5ce0f7a8-d516-4b05-acdc-6c5c9c832380,0.00828
BINANCE:BTCUSDT,2024-12-14 22:48:35.276+0000,2024-12-14 22:48:40.001+0000,101141.279999999999,,trade,78a122ea-4b1d-428c-b3ab-3b8c8c2a6e21,0.00061
BINANCE:BTCUSDT,2024-12-14 22:48:35.274+0000,2024-12-14 22:48:40.001+0000,101141.279999999999,,trade,2c0113e1-cf63-49ae-8774-d541e9056d45,0.00363
BINANCE:BTCUSDT,2024-12-14 22:48:35.120+0000,2024-12-14 22:48:40.001+0000,101141.279999999999,,trade,8321f42b-02d3-460c-a464-b4224a7db2c8,0.00508
BINANCE:BTCUSDT,2024-12-14 22:48:34.617+0000,2024-12-14 22:48:40.001+0000,101141.289999999994,,trade,873fa3da-d92d-43a2-b715-d7464d2315ca,0.00014
BINANCE:BTCUSDT,2024-12-14 22:48:34.324+0000,2024-12-14 22:48:40.001+0000,101141.289999999994,,trade,fc769aaa-f726-4804-99f8-2766351ef5dd,0.01077
BINANCE:BTCUSDT,2024-12-14 22:48:33.569+0000,2024-12-14 22:48:40.001+0000,101141.279999999999,,trade,21962816-026d-4443-8712-8bc3e765ac8c,9e-05
BINANCE:BTCUSDT,2024-12-14 22:48:33.129+0000,2024-12-14 22:48:40.001+0000,101141.289999999994,,trade,7232b085-c32f-4091-a612-2e4c5ff20e02,0.00098
BINANCE:BTCUSDT,2024-12-14 22:48:33.128+0000,2024-12-14 22:48:40.001+0000,101141.289999999994,,trade,d8daef98-dcfb-4c39-a155-9195aa01fca8,0.00098
BINANCE:BTCUSDT,2024-12-14 22:48:33.092+0000,2024-12-14 22:48:40.001+0000,101141.289999999994,,trade,633a5618-edac-47e7-92dc-ed1a89b76cf9,0.00176
BINANCE:BTCUSDT,2024-12-14 22:48:32.804+0000,2024-12-14 22:48:35.001+0000,101141.289999999994,,trade,c533fe88-f9a4-452f-b229-6a5a60e508f6,0.00102
BINANCE:BTCUSDT,2024-12-14 22:48:32.803+0000,2024-12-14 22:48:35.001+0000,101141.279999999999,,trade,ebc7f0bd-8fd0-4027-8140-8fdd9da0e700,0.00056
BINANCE:BTCUSDT,2024-12-14 22:48:32.397+0000,2024-12-14 22:48:35.001+0000,101141.279999999999,,trade,e8f24df1-8ef3-4a22-9b1a-ec7a297faa1e,0.06687
BINANCE:BTCUSDT,2024-12-14 22:48:32.043+0000,2024-12-14 22:48:35.001+0000,101141.279999999999,,trade,b5d8f7e8-682d-4f18-b095-d65a1dfab071,0.00097
BINANCE:BTCUSDT,2024-12-14 22:48:30.794+0000,2024-12-14 22:48:35.001+0000,101141.289999999994,,trade,dc9c2b60-04ad-4635-bbec-38e88e48203a,0.00032
BINANCE:BTCUSDT,2024-12-14 22:48:30.657+0000,2024-12-14 22:48:35.001+0000,101141.289999999994,,trade,246d4cea-1a46-4c95-b532-2a89cc7c8354,5e-05
BINANCE:BTCUSDT,2024-12-14 22:48:30.349+0000,2024-12-14 22:48:35.001+0000,101141.289999999994,,trade,a5a24d26-4fff-4bda-8fd8-bad8534e8ced,0.00012
BINANCE:BTCUSDT,2024-12-14 22:48:30.036+0000,2024-12-14 22:48:35.001+0000,101141.289999999994,,trade,295ea622-816a-44b9-8cfb-f4e7e4ec814a,0.00018
BINANCE:BTCUSDT,2024-12-14 22:48:30.006+0000,2024-12-14 22:48:35.001+0000,101141.289999999994,,trade,b345fdd9-cf52-4f69-a508-1e55a69affc6,0.00032
BINANCE:BTCUSDT,2024-12-14 22:48:29.444+0000,2024-12-14 22:48:35.001+0000,101141.289999999994,,trade,049658f8-3488-4474-a727-8cc8c71ebf90,0.00031
BINANCE:BTCUSDT,2024-12-14 22:48:29.403+0000,2024-12-14 22:48:35.001+0000,101141.289999999994,,trade,e3665d60-5920-4193-a1d2-304618627d2f,0.01185
BINANCE:BTCUSDT,2024-12-14 22:48:28.619+0000,2024-12-14 22:48:30.001+0000,101141.289999999994,,trade,d0cb8b9b-b6eb-47cb-a0f1-362ad7f3f5ee,0.0002
BINANCE:BTCUSDT,2024-12-14 22:48:28.393+0000,2024-12-14 22:48:30.001+0000,101141.279999999999,,trade,4c8e3039-3c84-452f-bc06-5a3620025975,0.00011
BINANCE:BTCUSDT,2024-12-14 22:48:28.267+0000,2024-12-14 22:48:30.001+0000,101141.289999999994,,trade,eaf4fcd7-c7ad-4504-9639-08379af0a19e,0.00032
BINANCE:BTCUSDT,2024-12-14 22:48:28.000+0000,2024-12-14 22:48:30.001+0000,101141.289999999994,,trade,25f49cd9-5366-474d-8f31-523cca884c42,0.00016
BINANCE:BTCUSDT,2024-12-14 22:48:27.745+0000,2024-12-14 22:48:30.001+0000,101141.289999999994,,trade,11dc4203-1dc3-4096-a99f-693f3e3461c4,0.00372
BINANCE:BTCUSDT,2024-12-14 22:48:27.442+0000,2024-12-14 22:48:30.001+0000,101141.289999999994,,trade,65f2c706-9c78-499e-8d26-8ae144de1f49,0.00031
BINANCE:BTCUSDT,2024-12-14 22:48:27.264+0000,2024-12-14 22:48:30.001+0000,101141.289999999994,,trade,0d6d81b8-d486-4f67-8b6b-6a13f598b23c,0.0081
BINANCE:BTCUSDT,2024-12-14 22:48:27.061+0000,2024-12-14 22:48:30.001+0000,101141.289999999994,,trade,95b56ee1-eb77-478e-9901-657ab121dc19,0.00027
BINANCE:BTCUSDT,2024-12-14 22:48:26.749+0000,2024-12-14 22:48:30.001+0000,101141.279999999999,,trade,39a3e8b7-7d00-48a2-9cae-3c57ca0399b1,0.0001
BINANCE:BTCUSDT,2024-12-14 22:48:26.736+0000,2024-12-14 22:48:30.001+0000,101141.289999999994,,trade,8b3f2e4a-c8cd-460a-9390-4561e0ccc4e1,0.00304
BINANCE:BTCUSDT,2024-12-14 22:48:26.072+0000,2024-12-14 22:48:30.001+0000,101141.279999999999,,trade,ee083801-80b6-4cec-b1e7-3a3e97e02a37,6e-05
BINANCE:BTCUSDT,2024-12-14 22:48:25.304+0000,2024-12-14 22:48:30.001+0000,101141.289999999994,,trade,133e6661-dae5-4a33-906a-ab23b3413163,0.00012
BINANCE:BTCUSDT,2024-12-14 22:48:25.282+0000,2024-12-14 22:48:30.001+0000,101141.279999999999,,trade,8e6599ff-d3f9-4b6d-b33d-b52e7f689cdd,0.00982
BINANCE:BTCUSDT,2024-12-14 22:48:25.083+0000,2024-12-14 22:48:30.001+0000,101141.279999999999,,trade,49c2e235-a899-4ed8-9a4b-b73d598bf3b2,0.00024
BINANCE:BTCUSDT,2024-12-14 22:48:24.499+0000,2024-12-14 22:48:30.001+0000,101141.279999999999,,trade,c0e3d3fb-0711-4d61-8a1b-921376cc5992,0.00232
BINANCE:BTCUSDT,2024-12-14 22:48:24.492+0000,2024-12-14 22:48:30.001+0000,101141.289999999994,,trade,579dc0ec-c890-4743-8b55-51c6b0abd334,0.00012
BINANCE:BTCUSDT,2024-12-14 22:48:24.160+0000,2024-12-14 22:48:30.001+0000,101141.289999999994,,trade,a30ae5ce-dbcb-4ddc-8725-863a91942d28,0.00121
BINANCE:BTCUSDT,2024-12-14 22:48:23.217+0000,2024-12-14 22:48:25.001+0000,101141.289999999994,,trade,cece2d15-d5a9-4e26-bd96-379d9911739f,0.00122
BINANCE:BTCUSDT,2024-12-14 22:48:23.129+0000,2024-12-14 22:48:25.001+0000,101141.289999999994,,trade,135d6353-cff5-4f48-b78b-a534a543d5eb,0.00047
BINANCE:BTCUSDT,2024-12-14 22:48:23.070+0000,2024-12-14 22:48:25.001+0000,101141.289999999994,,trade,386ad6b4-2484-42f4-bf14-06208d3a0b43,0.00053
BINANCE:BTCUSDT,2024-12-14 22:48:22.930+0000,2024-12-14 22:48:25.001+0000,101141.289999999994,,trade,85e2ba18-288a-4232-9920-70386b170369,8e-05
BINANCE:BTCUSDT,2024-12-14 22:48:22.904+0000,2024-12-14 22:48:25.001+0000,101141.279999999999,,trade,dbaf4dd4-311c-4b62-8481-2926cff9f145,0.00019
BINANCE:BTCUSDT,2024-12-14 22:48:22.797+0000,2024-12-14 22:48:25.001+0000,101141.289999999994,,trade,86eeec8d-1b99-48a2-976f-70f4ad473c62,0.00139
BINANCE:BTCUSDT,2024-12-14 22:48:22.396+0000,2024-12-14 22:48:25.001+0000,101141.279999999999,,trade,f751f9f6-5ddb-47e2-af43-03ad59470439,0.02226
